2300 3506
262 143 352 201 anns
367 145 392 198 τ’
410 143 560 199 sources
581 147 657 199 oar.
681 149 713 197 r.
772 201 777 213 ⁸
872 145 915 220 45

68 242 177 298 tenus
208 241 248 291 er
275 224 380 314 'specie
409 221 539 290 sensibili
570 235 603 287 et
643 215 796 287 materiali
838 219 920 290 elicit

75 315 221 407 speciem
243 311 470 401 intelligibilem
495 331 532 375 ac
557 307 770 398 spiritualem
788 325 923 376 vocatos

77 425 186 472 autem
205 406 360 491 patiens,
385 415 541 488 quatenos
564 400 700 487 speciem
720 399 820 488 ipsam
844 397 922 466 abs-

80 512 214 561 tractam
242 491 274 554 in
302 511 335 556 se
363 488 486 576 recipit.

123 581 196 653 lV.
245 577 420 644 Cartesiani
444 573 557 640 volout
570 574 760 642 intellectum
776 590 921 645 nostrum

76 691 145 738 esse
161 668 344 759 potentiam
360 687 443 732 mete
460 666 635 753 passivam,
660 687 742 754 quae
758 687 822 730 non
838 687 921 755 pro-

74 761 180 827 ducat
207 757 276 846 ipsa
304 775 374 820 suas
400 754 508 831 ideas,
534 752 591 818 sed
614 775 665 818 eas
691 777 710 820 a
737 755 809 821 Deo
836 755 924 821 reei-

73 851 168 939 piat;
196 865 234 910 ac
257 843 390 931 proinde
411 839 584 930 simplicem
600 845 833 932 perceptionem
856 863 922 908 noo

71 961 146 1004 esse
172 935 417 1021 operationem,
443 929 499 995 sed
517 930 693 1017 passionem
709 932 833 997 mentis.
850 929 930 996 Tria

73 1025 176 1114 plicis
205 1041 284 1086 vero
313 1023 429 1110 generis
459 1018 545 1084 ideas
574 1019 793 1109 distinguunt,
823 1024 923 1088 inna-

76 1130 172 1189 tas,
203 1108 402 1175 adventitias
430 1125 463 1174 tt
487 1106 659 1190 factitias.
700 1106 828 1176 innatas
856 1131 925 1173 vo-

78 1217 159 1266 cant
183 1199 284 1276 ideas,
309 1219 391 1284 quae
415 1195 510 1263 menti
534 1212 658 1263 nostrae
681 1199 782 1262 statirn
804 1197 843 1264 ab
866 1221 926 1265 ot-

79 1307 118 1357 tu
144 1288 295 1354 divinitus
323 1287 490 1372 impressae
512 1301 609 1363 sunt,
633 1303 777 1375 quaeque
801 1287 931 1353 uobissa'

78 1377 187 1465 primo
208 1375 296 1441 uitae
319 1391 440 1462 puncto
454 1371 494 1438 ad
509 1390 682 1438 extremum
698 1397 821 1462 usque,
836 1396 925 1463 quo-

81 1468 141 1532 ties
178 1461 315 1529 intendit
346 1461 490 1538 animus,
521 1463 586 1527 sine
613 1463 753 1527 sudsidio
782 1463 928 1548 corporis

83 1571 117 1618 et
142 1568 218 1616 ante
242 1571 368 1615 omnem
393 1550 621 1638 experientiam
646 1569 682 1614 ac
709 1549 928 1614 ratiocinatio-

83 1661 162 1706 nem
201 1657 322 1724 semper
360 1657 482 1722 praesto
518 1651 599 1702 sunt.
629 1655 661 1702 et
698 1639 925 1725 percipiuntur·

89 1725 191 1791 Tales
220 1743 284 1789 esse
313 1722 419 1791 dicunt
449 1725 534 1792 ideas
567 1725 639 1792 Dei
674 1730 758 1791 eneis
780 1747 927 1816 genera-

87 1819 176 1894 tim,
215 1815 379 1893 esentiae,
412 1812 612 1880 existentiae
649 1817 813 1896 unitatis,
844 1817 929 1906 pnl-
984 1871 987 1880 r

86 1901 312 1982 cheitndinis,
340 1901 552 1980 durationis,
581 1901 730 1983 ordinis,
757 1910 929 1994 cogitatio·

81 1994 162 2070 nis,
193 1993 392 2056 extensionis
423 2005 485 2056 cet.
515 1990 715 2056 Adventitins
745 1992 855 2062 dicunt
883 1996 927 2060 il-

82 2078 156 2157 las,
183 2101 265 2165 qnae
288 2079 458 2144 occasione
480 2096 625 2144 motuum
649 2081 679 2141 in
706 2085 828 2166 organis
847 2106 927 2148 cor-

82 2167 194 2254 poreis
206 2164 389 2232 factoruma
405 2167 477 2232 Deo
491 2167 739 2256 producuntur,
756 2189 810 2234 seu
824 2195 929 2239 crean-

82 2274 140 2321 tur,
163 2255 196 2318 in
225 2256 324 2321 anima
353 2257 383 2318 vi
413 2254 488 2342 legis
514 2257 596 2320 inter
620 2276 795 2342 corporeos
822 2280 930 2328 motus

81 2362 112 2410 et
132 2343 245 2409 mentis
260 2343 469 2432 cogitationes
488 2357 505 2406 a
522 2344 594 2408 Deo
610 2345 815 2409 constitutae.
834 2345 931 2418 Talea

83 2450 158 2496 sunt
174 2432 366 2496 sensationes
383 2428 519 2508 coloris,
535 2436 622 2509 soni,
638 2431 747 2498 odoris
763 2447 823 2500 cet.
843 2437 930 2504 Fac-⁴

83 2520 170 2582 titias
193 2521 329 2606 denique
352 2535 469 2586 vocant
490 2519 575 2584 ideas
599 2541 737 2606 quaeest
754 2521 835 2602 illis,
853 2527 931 2615 qul-

83 2606 148 2672 bus
175 2607 233 2670 iam
254 2627 342 2673 mens
358 2605 524 2671 informata
541 2623 607 2684 est,
622 2629 876 2696 componuntnr3
894 2635 932 2684 ut

85 2693 167 2760 dum
191 2694 299 2782 aliquis
317 2715 356 2762 ex
376 2695 443 2759 idea
459 2697 575 2759 montis
596 2712 627 2760 et
648 2697 718 2763 idea
733 2702 818 2778 auri,
833 2723 932 2770 mon.

83 2800 150 2848 tem
178 2803 308 2849 aureum
338 2780 396 2844 sibi
411 2783 510 2870 fingit.
530 2782 585 2847 Ad
600 2786 687 2867 quod
700 2784 827 2870 quidem
841 2793 933 2858 intel‹

85 2871 212 2957 hctus,
235 2889 355 2959 utpote
370 2872 541 2950 secuudum
559 2874 751 2940 cartesiauos
766 2895 849 2946 mere
864 2871 934 2966 paea
974 2901 988 2908 ·
