2270 3416
151 119 220 191 15⁴
388 123 587 190 turtureus,¹
600 123 738 172 sttruos.
761 131 770 138 ··

156 243 162 252 .
213 189 339 260 Obiere.
352 212 396 282 13.
424 193 602 260 Existenria
617 194 678 258 Dei
693 219 716 258 a
734 192 925 288 prioratus
951 209 1045 278 argu·

150 283 322 352 mentando
337 303 461 345 asama
487 284 528 348 ad
552 281 725 356 ellectum,
752 279 963 346 demonstrari
989 299 1046 343 non

149 386 281 454 potest,
306 367 362 434 sed
390 387 513 436 tantum
539 396 561 440 a
587 373 786 460 posteriori,
801 367 866 432 sive
879 367 920 432 ab
934 364 1046 431 effectu

151 453 191 520 ad
207 475 332 520 causam
342 480 357 534 ,·
368 460 457 546 atqui
472 460 548 524 'dum
572 458 739 524 existentia
754 457 813 523 Dei
839 453 1000 544 probatur
1013 476 1044 520 er

90 591 93 596 .
150 545 279 610 notione
305 545 385 610 entis
401 544 633 633 perfectissimi,
664 546 810 631 probatio
839 563 887 610 est
903 565 921 610 a
938 544 1045 628 priori,-

151 651 222 696 natn
238 655 276 699 ex
296 633 502 722 possibilitate
514 636 593 702 entis
615 631 832 723 perfectissimi
849 648 1043 718 tamquama

150 738 245 786 causa
256 722 460 789 conciuditur
475 724 614 791 eiusdem
636 723 800 788 existentia
821 738 990 806 tamquam
1003 717 1045 786 ef-

152 805 273 886 fectum
295 831 371 898 ergo
386 812 647 898 expossibilitate
659 810 737 876 entis
746 805 977 898 perfectissimi
990 831 1047 874 nou

151 893 285 962 infertur
313 901 380 964 eius
406 901 583 965 existentia,
598 899 697 984 Resp.
718 902 762 961 ιθ
786 895 971 962 dummodo
999 921 1049 962 ac·

79 1007 81 1010 ·
152 1003 261 1052 curate
276 985 491 1054 demonstrata
509 991 548 1053 sit
575 988 739 1053 existentia
753 986 811 1053 Dei
820 1031 832 1062 ,
848 985 941 1072 parvi
958 987 1051 1052 inter·

153 1093 238 1151 osse,
254 1095 319 1161 quo
336 1077 464 1140 numine
478 1077 706 1148 demonstratio
721 1075 773 1138 illa
788 1073 998 1161 appellatur,
1012 1075 1056 1140 id·

152 1183 259 1266 eoque
271 1182 489 1250 argumentum
503 1165 580 1228 nihil
595 1162 771 1228 concludit.
795 1161 892 1246 Resp.
923 1160 992 1226 tt?
1020 1165 1058 1228 C.

139 1268 224 1314 'man
240 1268 271 1316 et
287 1251 334 1314 N.
358 1255 430 1316 min.
452 1253 538 1327 Nam
558 1253 702 1340 quamvis
725 1250 808 1316 eutis
832 1245 1059 1337 perfectissimi

102 1388 104 1392 .
153 1336 387 1426 possibilitatem
404 1344 535 1428 primum
551 1341 825 1416 demonstremus,
843 1357 874 1402 et
890 1336 973 1404 iude
989 1344 1058 1408 eius

152 1426 345 1494 existentiam
371 1433 573 1495 necessariam
602 1426 815 1500 deducamus,
846 1447 980 1492 reuera
1005 1449 1062 1494 ta·

153 1536 225 1581 meu
249 1517 435 1602 possibilitas
448 1516 523 1596 illa,
539 1537 621 1604 quae
634 1513 708 1578 nihil
730 1513 873 1581 aliudest
886 1533 994 1600 qua-m
1012 1540 1065 1583 ex·

153 1603 279 1668 isteutia
308 1605 435 1684 diviua,
451 1627 515 1669 nou
531 1605 733 1690 distinguitur
759 1603 798 1667 ab
813 1601 992 1668 existentia
1011 1606 1065 1693 ip-

152 1713 185 1757 sa
199 1691 230 1754 in
246 1691 318 1756 Deo
331 1694 417 1779 ipso,
432 1715 534 1778 neque
549 1692 677 1778 concipi
692 1709 805 1776 potest.
817 1707 989 1773 tamquam
1011 1714 1066 1759 ens

154 1779 283 1868 aliquod
299 1779 339 1844 ab
355 1782 521 1847 existentia
538 1780 597 1845 Dei
622 1781 805 1845 distinctum
820 1821 830 1856 ,
844 1779 932 1844 unde
964 1801 1069 1869 argu·

153 1867 306 1938 mentatio
328 1889 391 1934 non
410 1869 557 1958 procedit
576 1891 597 1932 a
616 1889 712 1933 causa
733 1867 781 1932 'ad
803 1864 955 1936 effectum
964 1913 976 1944 ,
1008 1869 1069 1935 sed

84 2007 86 2012 .
154 1971 278 2022 tantum
292 1954 332 2020 ab
350 1979 413 2034 eo„
431 1958 519 2044 quod
541 1957 677 2044 primum
694 1955 785 2022 nobis
806 1955 1010 2034 innotescit,
1027 1959 1070 2023 ad

155 2043 213 2122 id,
245 2043 333 2131 quod
360 2046 503 2112 nondum
531 2063 599 2114 erat
624 2047 668 2110 ita
691 2044 866 2132 cognitum.
890 2043 1071 2112 Praeterea

156 2149 254 2218 quum
274 2150 417 2200 constare
441 2151 596 2220 nequeat,
617 2133 711 2220 quale
727 2137 767 2196 sit
787 2151 842 2196 ens
857 2128 1071 2217 perfectissi-

157 2221 262 2302 mum,
294 2221 352 2286 nisi
374 2239 528 2311 quatenus
550 2243 589 2288 ex
615 2218 886 2307 perfectionibus,
912 2240 1006 2302 quae
1023 2224 1082 2286 in··

157 2312 386 2389 suntanimae,
402 2311 581 2400 colligimus
596 2307 747 2374 attributa
764 2307 893 2384 divina,
909 2307 988 2372 Deo
1016 2312 1073 2373 ni-

157 2399 269 2464 mirum
294 2400 463 2464 illimitatas
489 2397 662 2481 tribuendo
681 2392 910 2483 perfectiones,
926 2417 1021 2480 quae
1039 2399 1074 2462 iu

158 2487 227 2574 ipsa
241 2487 388 2553 limitatae
400 2486 732 2576 deprehenduntur,et
744 2507 799 2572 pet
808 2485 935 2548 modum
948 2502 1075 2565 actus,

158 2596 241 2661 quae
257 2575 347 2639 nobis
363 2577 473 2650 insunt
488 2597 543 2662 pet
559 2573 689 2638 modurn
705 2575 891 2662 potentiam
916 2570 1074 2639 existen·

159 2661 203 2724 tia
219 2661 278 2726 Dei
296 2661 356 2726 hoc
372 2683 470 2752 pacto
489 2664 773 2728 demonstratores
790 2660 1079 2745 contemplatione

159 2749 279 2812 animae
294 2766 440 2829 nostrae,
457 2772 539 2836 quae
555 2771 572 2813 a
587 2749 659 2816 Deo
675 2764 734 2812 est.
759 2749 877 2834 Neque
901 2749 985 2812 enim
1014 2751 1079 2814 di-

160 2834 188 2900 ci
206 2852 316 2922 potest
331 2835 547 2902 demonstrata
565 2833 729 2900 existentia
746 2834 825 2911 Dei,
846 2835 972 2922 qualem
1000 2840 1077 2905 fide

163 2923 315 2987 credimus
326 2967 338 3004 ,
351 2923 407 2985 nisi
425 2924 614 2998 evincatur,
635 2923 693 3007 ipsi
709 2941 890 3007 competere
912 2922 1076 2989 attribu-

178 3029 214 3088 a,
232 3029 314 3095 quae
334 3008 411 3075 fides
436 3011 544 3077 docet.
569 3001 667 3077 Certe¹
690 3010 825 3098 spinosa
840 3009 955 3097 atheus
979 3010 1081 3096 fuit,
