2300 3506
208 217 250 264 ru

112 305 125 323 “
207 313 241 363 et
258 287 397 389 quidem
415 288 611 386 plurimae,
644 265 868 362 institutiones
892 290 1045 387 philoso-

205 397 284 491 ph]
279 420 326 464 ae
353 395 395 465 ad
419 417 580 493 tyronum
597 410 733 490 captum
757 421 946 492 usumque
950 423 1045 500 coms

206 495 362 607 positae,
408 497 512 570 sed
504 522 537 570 tn
573 495 611 569 iis
650 496 836 596 negligitur
871 518 905 570 et
946 487 1051 594 saepe·

209 597 438 672 contemnitur
449 573 671 672 'scholastica
709 600 917 690 methodus,
956 627 1044 700 quae

206 701 398 800 quidem
374 727 399 773 st
431 703 574 797 pressius
597 723 631 774 et
659 705 730 776 sine
753 701 866 776 inutili
890 703 1046 804 syllogis·

187 799 344 877 'morum
383 803 576 907 farragine
589 805 811 897 adhibeatur,
857 807 1042 923 plurimum

208 906 361 981 utilitatis
387 906 511 980 habere
545 929 664 1002 potest.
694 907 798 978 Atii
791 909 1043 986 institutionum

204 1010 518 1105 philosophicarum
547 1032 698 1082 auctores
728 1031 873 1083 utuntur
900 1011 1042 1110 quidem
1143 1075 1144 1084 ,

205 1111 314 1211 {orma
341 1112 560 1201 scholastica,
591 1113 648 1184 sed
678 1112 865 1185 vanissimas
897 1114 1042 1188 steriles-

189 1236 275 1314 ¹que
304 1213 547 1309 speculationes
576 1215 727 1287 subtilius
758 1214 933 1315 fusiusque
966 1243 1042 1314 per·

203 1343 403 1416 sequuntur.
431 1318 482 1393 Ex
505 1317 585 1390 his
578 1343 642 1390 tant
670 1318 861 1418 intelligere
887 1319 964 1392 licet
987 1342 1039 1394 to·

204 1419 271 1492 tius
298 1420 408 1516 operis
445 1447 609 1516 scopum,
646 1447 749 1520 quem
773 1422 956 1520 generatim
984 1423 1040 1498 hic

202 1523 439 1618 explicabo:
430 1549 462 1596 tn
495 1523 635 1622 singulis
665 1543 776 1595 tamen
802 1524 1041 1619 philosophiae

202 1628 356 1722 partbts
386 1627 572 1699 distinctam
601 1625 877 1726 peculiaremque
905 1625 1040 1726 praefa-

198 1729 331 1804 tionem
367 1757 432 1827 nptt
467 1729 766 1824 praetermissurus

278 1832 498 1926 Philosophia
515 1853 562 1903 est
579 1857 693 1904 earum
709 1857 820 1904 rerum
839 1887 849 1922 ,
878 1859 967 1932 quae
983 1859 1038 1908 ra-

200 1933 296 2007 tione
321 1933 478 2033 cognosci
505 1955 665 2032 possunt,
689 1935 833 2008 scientia.
860 1935 1039 2024 Quattuor

200 2039 304 2112 habet
351 2059 494 2132 partes,
541 2037 710 2134 logicam,
761 2041 1037 2138 metaphysicam,
1142 2127 1143 2132 ἵ

199 2140 374 2237 physicam
398 2162 501 2240 atque
529 2141 692 2212 Ehicam.
722 2141 833 2212 Prima
849 2163 882 2212 et
903 2143 1037 2258 ultima,
1142 2219 1143 2222 ,

199 2239 311 2344 logica
336 2269 458 2336 nempe
483 2263 516 2313 et
539 2242 684 2331 Ehica,
716 2243 757 2314 ad
782 2243 911 2360 ριιιιιίιιι
929 2247 1037 2316 actio·
1142 2315 1143 2340 ἶ

200 2371 351 2445 nemque
385 2346 591 2444 diriguntur.
621 2345 748 2446 Logica
784 2346 856 2419 veri
895 2345 1041 2446 falsique
1142 2359 1143 2421 i

198 2447 415 2544 disceptatrix
445 2469 480 2518 et
510 2446 641 2539 iudex,
674 2473 786 2520 veram
818 2449 953 2520 sciendi
964 2476 1041 2522 nte·

197 2551 344 2623 thodutn
362 2572 394 2622 et
420 2549 581 2622 rationem
609 2504 731 2635 discet,
762 2552 1036 2652 intelligentiam,

197 2679 267 2752 qua
305 2652 388 2725 nihil
424 2653 643 2746 praestantius
675 2680 699 2726 a
732 2679 890 2748 supremo
920 2677 1037 2732 rerum

198 2755 352 2829 omnium
376 2779 511 2828 auctore
531 2757 624 2828 nobis
646 2758 845 2828 attributum
863 2777 940 2845 est,
973 2785 1038 2832 ex·

196 2857 299 2944 colit,
326 2879 430 2958 auget
447 2885 482 2930 ac
498 2857 637 2948 perlicit.
667 2859 906 2943 Alternum,
934 2861 1036 2931 Ethi-
1141 2889 1142 2948 3

197 2986 235 3037 ca
277 2959 430 3052 scilicet,
470 2958 558 3062 'quid
596 2981 726 3036 rectum
765 2985 953 3060 pravumve
994 2962 1039 3038 sit
1141 2971 1142 2974 ’
