2258 3428
234 143 278 212 68
411 151 662 234 ¹..tr‘tsrrrvm
695 167 830 224 tureos.
957 218 961 225 ,

230 233 402 316 attributa;
423 241 575 326 temporis
593 260 761 328 progressu
775 244 981 303 innotuerunt
992 258 1062 328 pro·

232 326 383 412 prietates
409 329 579 416 plurimae,
601 350 681 412 quae
698 343 790 394 antea
806 325 968 414 latebant,
993 329 1062 394 alias

233 413 348 500 deinde
374 413 480 484 futura
504 435 587 484 aetas
611 419 747 504 deteget.
762 416 872 495 Quum
889 437 964 503 ergo
978 439 1062 492 mens

231 520 338 566 uosrra
360 500 445 568 finita
466 507 596 573 omnino
619 508 657 570 sit
682 511 778 590 a'tque
804 505 933 586 limitata
949 549 958 582 ,
973 527 1066 570 uerno

230 591 379 656 audacter
398 591 550 662 aftirrnare
575 594 688 672 debet,
709 615 908 682 perspectam
935 593 989 657 sibi
1008 616 1065 660 es·

229 700 263 772 se
300 681 437 746 intimam
477 707 578 768 rerum
609 686 785 768 essentiam.
814 682 1009 769 Ethuidetn
1035 684 1065 750 si

230 769 350 832 certum
380 793 444 848 non
470 777 528 851 sit,
547 789 623 837 nota
651 772 743 836 nobis
763 791 866 856 ¹essex
883 772 997 840 omnia,
1019 773 1065 837 rei

138 870 144 930 ,’
228 857 358 922 alicuius
390 861 558 940 attributa,
586 861 803 950 imprudenter
828 856 958 924 omnino
992 861 1068 946 quis

227 950 453 1031 pronunciaret
477 974 528 1032 ¹err
563 949 618 1014 illo
652 948 829 1032 attributo,
857 947 947 1034 quod
975 948 1064 1014 velut
1114 963 1115 976 ¹

228 1034 369 1098 omniunt
401 1040 535 1125 primum
551 1038 946 1124 ,considerat,·prolluete
971 1037 1065 1117 etiam
1114 1047 1115 1136 l

228 1125 287 1188 alia
313 1122 370 1188 sibi
395 1126 504 1214 ignota
529 1127 693 1194 attributa.
777 1170 792 1186 η
869 1199 871 1202 ,

229 1295 233 1302 .
292 1210 382 1277 Haec
411 1217 536 1301 quidem
567 1215 607 1280 ab
645 1212 789 1278 omnibus
829 1209 963 1278 melioris
998 1233 1064 1278 no·
1114 1227 1115 1286 l

225 1313 276 1363 tae
305 1301 412 1388 logicis
437 1302 599 1380 abservata
628 1304 841 1382 inveniuntur.
869 1302 914 1364 At
946 1297 1064 1372 obser-

136 1429 157 1458 ·.
226 1387 373 1453 vandum
386 1411 547 1478 superest,
569 1413 673 1460 errare
688 1393 861 1478 Plerosque
869 1436 881 1467 ,
896 1388 972 1454 dum
986 1390 1068 1454 uni--

227 1497 298 1540 curn
326 1477 512 1564 attributum
539 1481 719 1572 primarium
745 1480 776 1542 in
801 1501 834 1544 te
859 1478 962 1563 aliqua
979 1500 1066 1544 con·
1114 1541 1115 1564 ἦ

226 1559 374 1656 siderant}
400 1571 500 1658 Saepe
516 1572 598 1638 enim
619 1569 743 1656 concipi
762 1586 895 1655 possunt
909 1568 992 1632 traria
1007 1587 1066 1634 at·-
1114 1573 1115 1600 ³

148 1723 153 1736 x
225 1652 363 1735 tributa,
388 1681 522 1742 quorum
535 1681 643 1726 ,uuum
665 1680 705 1724 ex
727 1657 788 1721 alio
803 1654 1015 1742 intelligitur,
1031 1673 1067 1722 et

224 1763 315 1808 versa
340 1748 430 1822 vice3
451 1750 556 1830 itaut
583 1769 621 1812 ex
647 1743 975 1834 pluribusatttibutis
1001 1745 1065 1810 de-

221 1833 316 1924 ¹rivarri
333 1835 455 1918 possint
472 1837 597 1918 omnia,
614 1856 697 1922 quae
712 1834 898 1908 nobisnota
911 1851 1003 1911 sunt,
1021 1834 1066 1900 rei

147 1988 149 1992 ,
219 1917 354 2002 1ειΙίειιῑυε
383 1922 553 2006 attributa.¹
574 1922 613 1987 Id
639 1943 742 2003 autem
772 1923 971 2010 potissimum
997 1920 1065 1986 ob-

219 2005 348 2100 serrare
373 2009 444 2076 licet
466 2013 497 2076 in
519 2019 687 2100 ngurarum
704 2011 964 2099 geometricorum
979 2033 1066 2098 pro-.
1114 2019 1115 2080 T

218 2096 417 2182 prietatibus.
445 2101 610 2188 Contingit
633 2102 712 2166 enim
736 2101 936 2188 saepissime,
957 2113 994 2164 ut
1024 2120 1068 2166 erc
1114 2105 1115 2110 ’

220 2207 282 2250 uua
309 2189 528 2276 proprietate,
554 2211 648 2278 quam
678 2189 767 2274 velut
792 2187 969 2276 primatiam
998 2185 1066 2252 ha·

219 2272 347 2355 bemus,
374 2277 414 2360 ad
437 2279 575 2352 aliarum
592 2277 823 2365 proprietatum
845 2275 1067 2364 cognitionem
1114 2303 1115 2306 ¹

216 2368 457 2450 perveniamus,
482 2383 514 2432 et
537 2367 673 2431 vicissim
697 2388 735 2431 err
755 2363 1008 2454 proprietatibus
1031 2365 1066 2446 il·

216 2455 270 2531 lis,
299 2476 377 2542 quas
405 2471 568 2543 tamquam
597 2455 797 2521 secundarius
825 2453 995 2544 fingimus,
1021 2444 1066 2518 ad
1114 2459 1115 2490 l

146 2627 148 2629 Ι
216 2544 446 2630 proprietatem
467 2543 648 2631 primariam
670 2565 707 2608 ac
731 2541 863 2628 proinde
888 2561 920 2608 et
948 2543 992 2608 ad
1023 2565 1067 2608 a·

213 2631 271 2696 lias
289 2651 406 2708 omnes
430 2633 635 2720 proprietates
655 2629 876 2719 regrediamur.
898 2631 972 2695 Hac
989 2629 1067 2696 fac-

112 2729 117 2739 '
212 2735 248 2808 „¹²
271 2718 493 2803 observatione
522 2721 600 2786 finiri
626 2719 761 2807 possunt
787 2720 857 2808 lites
888 2719 1064 2808 plurimae,
1114 2723 1115 2802 l

214 2829 294 2896 quas
317 2807 357 2876 de
382 2831 483 2876 terunt
503 2809 636 2874 essentia
660 2809 820 2896 instituere
834 2808 936 2874 solent
954 2810 1066 2898 sciro-

187 2919 189 2926 ·
211 2897 604 2988 las-ticiQupdpquidem
626 2897 719 2984 variis
734 2899 888 2988 exemplis
905 2895 1066 2982 mapifes-
