2270 3416
223 157 550 209 stannaturam.
570 157 647 206 cnr.
664 161 689 208 r.
872 137 938 230 '147

41 251 94 306 se,
118 227 194 295 entis
218 227 438 316 perfectissimi
474 228 667 296 existentiam
691 225 861 294 certissimo
889 233 941 299 fa.

40 318 226 406 ciiiimoque
241 333 428 405 argumento
440 315 667 384 demonstrant.
682 315 724 381 Et
742 318 872 402 quidem
887 322 941 386 ia·
998 349 999 352 ¹

39 411 144 472 saniae
169 403 313 494 profecto
330 427 367 471 ac
391 405 488 470 furori
512 405 606 470 simiie
631 405 750 471 censeri
775 406 887 487 debet,
914 412 940 476 si

40 495 110 584 quis
130 492 371 582 pulcherrimum
395 510 524 558 naturae
544 494 707 572 ordinem,
724 495 940 564 admirandam

40 583 149 650 mundi
168 603 355 670 compagem
373 582 439 646 sine
457 583 610 661 consilio,
624 581 765 661 ratione,
782 585 940 672 cognitio·

42 695 100 751 ue,
116 672 170 737 sed
185 670 321 736 fortuito
345 671 447 735 solum
460 691 496 734 ac
510 669 676 737 temerario
690 691 860 756 corporum
877 695 940 739 mo·

42 779 79 825 tu
94 783 110 824 a
124 758 259 824 fortuitis
282 759 429 826 materiae
444 777 590 826 aeternae
611 755 842 824 adfectionibus
857 784 942 851 pro-

41 847 167 913 duciae
189 847 317 935 disponi
333 847 476 936 potuisse
500 845 669 934 putaverit.
688 845 754 924 Qui
777 848 941 933 aliquanto

44 937 220 1024 diligentius
235 936 438 1024 perpenderit
456 935 605 1000 infinitam
622 955 723 998 rerum
740 935 941 1023 uarietatem,

43 1023 260 1094 admirabilem
284 1026 511 1090 connexionem
539 1044 576 1087 ac
605 1021 868 1108 dispositionem,
885 1033 942 1094 'vi-

38 1113 247 1214 debiturus,
264 1131 383 1200 quanta
409 1111 561 1200 sapientia
581 1130 612 1176 et
637 1111 783 1198 potentia
806 1133 885 1198 opus
901 1117 943 1180 si't
1007 1147 1018 1167 x

43 1201 86 1267 ad
114 1221 150 1266 ea
164 1219 267 1264 omnta
291 1201 433 1289 eligenda
459 1219 490 1265 et
516 1199 720 1286 disponenda.
736 1199 941 1288 Cogitemus,

44 1289 122 1376 quid
139 1311 199 1354 una
217 1290 270 1354 furt
285 1308 447 1378 praestare
465 1286 601 1364 debeat,
617 1302 651 1350 ut
670 1308 702 1352 se
718 1309 817 1375 propa
842 1309 874 1355 et
894 1295 939 1358 si*

41 1401 82 1445 ne
110 1399 263 1454 occursu,
279 1394 314 1441 ut
331 1377 482 1442 diversam
498 1397 556 1463 pro
569 1375 698 1440 diversis
714 1311 874 1442 colonius
890 1402 941 1447 re-

29 1463 321 1556 fraagt'bilitatem
350 1466 474 1532 habeat.
504 1463 657 1550 Aptanda
680 1460 739 1528 fuit
770 1461 944 1551 corporun't

41 1573 197 1632 textura,
214 1554 437 1642 particularum
457 1552 617 1617 crasitudo
636 1550 681 1622 ,ad
695 1573 730 1618 ea
748 1555 944 1636 potissimum

42 1643 219 1711 emittenda
253 1644 411 1706 radiorum
444 1660 577 1730 genera,
608 1661 688 1728 quae
718 1639 944 1710 determinatos

41 1735 169 1798 colores
203 1729 411 1798 exhiberent:
448 1729 658 1814 disponendae
699 1729 778 1794 mira
811 1753 944 1816 prorsus

44 1839 203 1886 structura
233 1821 401 1884 oculorum
430 1837 561 1906 partes,
592 1835 628 1882 ut
657 1817 761 1906 imago
790 1820 945 1906 pingere.

45 1927 101 1974 tur
143 1910 171 1972 in
205 1903 331 1988 fundo,
364 1922 397 1974 et
423 1922 649 1993 propagaretur
689 1907 729 1969 ad
770 1905 945 1982 cerebrum.
1033 1973 1037 1992 ,

44 1996 158 2084 ,Quid
175 2017 255 2061 unus
274 2005 347 2074 aer,
372 1995 430 2083 qui
444 1996 533 2058 simui
554 2017 614 2082 pro
628 2015 726 2071 sono,
744 2015 803 2080 pro
818 2000 949 2086 respira.

40 2090 136 2152 tione
157 2101 188 2151 et
210 2083 388 2150 animalium
411 2084 493 2160 vita,
511 2103 571 2168 pro
587 2081 688 2148 ventis
712 2081 753 2146 ad
769 2085 953 2176 trauigat‘io-

43 2195 143 2252 nem,
168 2194 227 2262 pro
248 2170 415 2259 vaporibus
437 2171 633 2236 continendis
660 2169 700 2233 ad
724 2171 865 2254 pluvias,
889 2171 948 2262 pro

44 2262 220 2329 innumeris
250 2260 313 2326 aliis
347 2258 523 2324 commodis
559 2275 607 2324 est
644 2257 813 2322 conditus?
841 2261 951 2346 ,Quid

45 2351 209 2442 gravitas,
235 2372 296 2436 qua
322 2369 478 2439 perennes
494 2349 572 2412 fiunt
587 2346 782 2435 planetarum
797 2365 828 2411 et
845 2359 952 2417 conre-

44 2461 156 2506 tarum
170 2457 295 2518 motus,
309 2437 489 2524 quaomnia
504 2449 675 2526 compacta
692 2434 874 2516 retinentur,
891 2454 953 2527 que

45 2526 151 2610 maria
177 2528 378 2592 continentur
400 2522 580 2602 littoribus,
609 2541 639 2591 et
661 2541 791 2587 currunt
813 2525 953 2612 flumina,

49 2617 158 2682 imber
179 2619 210 2680 in
231 2631 346 2681 terram
371 2613 505 2690 decidit,
533 2633 600 2677 eam
616 2613 664 2676 irri
690 2625 719 2675 at
735 2633 773 2674 ae
789 2610 954 2700 fecundam

52 2726 115 2769 sua
143 2706 225 2770 mole
248 2701 388 2770 aedificia
409 2700 606 2777 consistunt?
636 2635 783 2786 &inaura
803 2705 956 2790 sapientia

55 2807 146 2880 opus*
169 2791 227 2857 fuit
240 2793 281 2858 ad
302 2812 352 2858 eas
372 2789 624 2854 combinationes
640 2787 958 2878 inveniendasstquae

53 2897 107 2948 tot
131 2883 277 2970 organica
301 2901 437 2966 corpora
459 2877 548 2944 nobis
570 2875 741 2953 exhibent,
759 2894 809 2940 tot
829 2878 957 2950 arbores

50 2985 87 3036 et
114 2971 207 3036 liores
223 2970 413 3046 educerent,
429 2985 478 3032 tot
500 2967 600 3030 brutis
617 2964 826 3032 animantibus
849 2985 880 3030 et
897 2970 956 3034 h'o.

52 3059 199 3130 minibus·
221 3077 285 3125 tam
307 3057 407 3124 muita
421 3057 727 3208 vitaelgnsttumenta
743 3051 958 3131 subministra.

546 3163 564 3207 a

1102 3017 1109 3064 i

1026 3133 1031 3158 i
1080 3131 1089 3320 1

1035 3219 1039 3228 .
