2258 3428
230 149 305 197 rnre
331 151 385 202 rr.
411 151 587 202 coercent.
610 149 685 208 esu.
703 149 754 196 ιι.
831 145 906 215 ,3155

89 211 207 280 limitata
228 221 404 314 intelligitur
431 245 490 310 per
515 221 670 288 extensior
685 243 733 282 rm
761 213 908 300 subiecti,

91 301 136 365 ita
157 323 182 368 ut
199 329 257 372 eam
281 313 455 378 dumtaxat
477 312 671 384 exrennnnn,
690 331 764 372 suae
788 329 910 392 partem

94 389 235 478 significet,
263 421 347 487 quae
375 400 521 468 subiecto
545 399 711 484 competit.
741 395 780 460 E.
816 419 847 484 g.
876 397 909 464 in

94 475 387 573 impropositioue:
414 489 502 556 inmo
530 507 578 554 etl
609 483 753 563 animal,
784 491 908 564 anime„-

89 559 117 627 ll't
133 573 214 636 notio
237 594 310 660 totg
340 575 622 664 comprehenditur
645 576 675 640 in
696 577 826 640 notione
848 575 908 640 ho-

81 654 163 723 minis.
192 661 398 752 Quamquam
429 669 519 733 notio
544 667 596 730 illa
623 664 662 728 ad
690 667 747 728 alia
776 685 910 750 quoque

76 745 202 814 animalia
236 755 453 831 extendntor,
489 775 522 820 ea
557 753 716 818 tamenin
743 755 808 818 sola
843 753 909 828 lo,-

71 833 268 925 rninis·specie
283 844 516 910 consideratur.
533 839 691 930 Negantis
705 859 815 908 contra
832 865 907 930 pror

68 925 222 1002 positionis
250 951 460 1008 natumst,
489 949 524 996 ut
552 930 772 1018 praedicatum
796 952 814 994 a
837 930 907 1002 sul·

67 1006 141 1076 lecto
166 1039 356 1104 removeat,
384 1021 473 1109 quod
500 1021 541 1087 ad
573 1041 700 1086 omnem
730 1017 905 1106 praedicati

67 1108 300 1190 extensionem,
326 1133 390 1178 nou
415 1130 519 1177 autem
542 1109 630 1198 quod
656 1107 696 1172 ad
723 1125 824 1180 totam
840 1109 905 1178 eius

68 1197 398 1278 conprehensionem
428 1197 489 1264 hoc
512 1219 580 1278 est,
612 1200 702 1262 notio
726 1213 796 1264 tota
820 1217 905 1284 prae·

66 1273 147 1345 dicati
169 1307 235 1354 nou
262 1290 361 1356 debet
381 1288 509 1376 reperiri
534 1288 567 1351 in
592 1285 760 1365 subiecto,
784 1309 904 1374 quatu·

64 1362 104 1428 tis
119 1389 219 1454 partes
235 1379 306 1446 eius
320 1379 445 1466 aliquae
461 1375 607 1442 subiecto
619 1395 807 1463 competere
821 1397 901 1460 poe-

64 1447 137 1535 ifffls
162 1464 306 1555 ideoque
331 1466 363 1534 id
393 1477 510 1544 omue‚'
533 1464 573 1531 ad
601 1466 691 1552 quod
720 1481 789 1530 tora
812 1466 902 1536 notio

63 1547 224 1620 praedicari
255 1555 461 1634 extenditur,
486 1576 502 1618 a
527 1552 671 1620 subiecto
692 1552 817 1618 excludi
844 1575 904 1620 nc·-

65 1645 174 1702 cessum
201 1662 267 1711 est.
293 1643 335 1708 E.
361 1665 393 1734 g.
418 1644 449 1707 in
478 1639 536 1708 hac
564 1638 811 1728 propositiones,
829 1643 903 1709 tru-

65 1727 122 1784 tum
141 1749 203 1796 non
225 1748 280 1799 est
302 1729 431 1798 animal
452 1727 636 1804 rationale,
662 1749 726 1796 uon
749 1728 903 1818 significo

68 1816 110 1870 lun
121 1817 300 1888 subiectum
318 1838 349 1887 et
365 1819 580 1908 praedicatum
594 1817 670 1884 oihil
683 1815 801 1886 habete
813 1839 904 1886 com·

63 1909 170 1993 ψῠῡες
205 1910 384 1975 coreniout
419 1910 500 1974 enim
533 1909 565 1971 in
591 1928 653 1985 eo,
686 1908 774 1993 quod
803 1906 899 1976 ambo

64 1997 114 2050 smt
131 1996 290 2063 animalia.
311 1998 372 2064 Sed
393 1995 582 2072 offirmatut,
609 1996 774 2062 notionem
797 2013 900 2070 totam

20 2151 21 2156 ἵ
62 2074 189 2150 animalis
206 2085 366 2152 rationalis
380 2107 445 2149 non
461 2083 690 2170 comprehendi
711 2085 741 2148 in
768 2089 901 2154 notione

63 2152 158 2249 bruti,
185 2196 227 2253 ac
251 2174 388 2262 proinde
411 2175 499 2239 notio
516 2189 584 2236 tota
600 2169 793 2256 praedicati,
809 2177 901 2260 quod

63 2249 97 2312 ³d
109 2275 232 2328 omnem
249 2266 492 2339 extensionem,
507 2283 525 2326 a
541 2259 686 2326 subiecto
708 2279 900 2350 removetur.

62 2329 191 2416 Evidens
227 2370 294 2431 est,
329 2350 410 2417 hanc
438 2371 506 2416 esse
533 2347 790 2436 propositionum
815 2371 901 2434 qua.

64 2435 202 2506 numlibet
231 2439 454 2506 affirmantium
476 2455 507 2503 et
534 2439 713 2525 negantium
740 2455 900 2522 naturam,

63 2515 171 2594 elialuei
197 2531 389 2610 universales
418 2546 483 2590 non
510 2525 592 2603 sint,
620 2547 656 2590 ac
682 2527 816 2614 proinde
838 2551 898 2617 gen·

68 2615 188 2682 neratim
213 2633 321 2704 patet,
343 2616 532 2683 attributum
560 2615 660 2680 omnis
691 2619 896 2703 propositio..

64 2692 104 2757 uis
134 2703 336 2783 affirmantis,
370 2705 400 2769 vi
435 2701 667 2781 affirmationis,
704 2706 784 2768 sumi
804 2728 894 2796 par,-

64 2781 253 2874 ticuleriter3'
278 2793 421 2883 negantis
447 2809 555 2862 autem
578 2793 805 2864 universaliter.
878 2833 883 2850 ι
935 2863 940 2870 ,
