2258 3428
263 163 345 212 snus
370 165 402 211 1.
427 163 582 213 coerces.
606 163 683 214 nur.
707 161 751 212 11.
885 167 925 236 75

78 234 186 306 tantia
212 233 379 326 singulari,
403 235 571 324 colligitur.
596 235 716 315 Quaeri
744 235 825 302 enim
854 257 929 324 pot-

83 346 136 394 est
162 324 202 390 de
233 324 329 392 Petro
360 333 505 414 quantus
536 327 595 403 sit,
626 343 761 414 tumque
789 339 928 414 respon-

87 415 182 481 detur
203 435 351 503 magnum
372 432 427 480 aut
451 434 586 502 parvum
611 435 702 480 esses
729 412 841 506 qualis
869 419 932 498 sit,

89 505 203 569 doctus
232 521 289 569 aut
322 503 416 588 pius:
447 505 505 568 ubi
529 505 597 580 sit,
629 503 752 569 Romae
778 523 832 568 ent
857 503 931 570 Lu·

88 593 208 660 retiae:
240 591 373 682 quando
400 595 509 670 vixit,
537 592 663 657 saeculo
689 593 930 683 decimoquinto

86 683 138 749 vel
160 681 400 748 decimosexto:
424 679 473 746 ad
493 699 585 771 quem
609 680 794 763 referatur,
821 703 857 748 nt
874 704 932 747 cn·

85 772 132 837 ius
161 773 203 834 sit
233 770 332 834 filiuse
370 790 465 858 quem
504 773 602 835 situm
639 771 805 848 obtineat,
841 771 931 838 sedet

86 878 142 925 aut
162 861 264 924 iacere
291 856 375 949 quid
399 883 421 922 a
447 873 503 938 at,
524 857 651 924 studete
678 858 763 962 quid
784 864 930 946 patitur,

85 948 209 1038 frigus:
232 947 318 1036 quid
333 950 379 1012 sit
400 878 491 1012 iilius
513 946 664 1025 habitus,
686 965 728 1011 sta
754 963 803 1013 ess
832 949 934 1012 vesti-

88 1055 165 1113 tus,
195 1044 343 1100 armatus.
374 1031 487 1122 ltaque
516 1035 691 1103 secundum
716 1034 933 1116 Aristotelem,

92 1128 305 1204 substantia,
346 1128 543 1212 quantitas,
582 1123 758 1215 qualitas,
801 1124 934 1204 relatio,

92 1216 207 1290 actio,
225 1215 359 1302 passio,
385 1215 461 1288 uui,
485 1215 636 1304 quando,
661 1216 764 1293 situs,
787 1213 933 1294 habitus,

91 1321 169 1369 sunt
185 1302 296 1368 decem
310 1301 408 1368 veluti
423 1303 562 1380 classes,
577 1303 619 1368 ad
630 1323 707 1391 quas
722 1302 826 1368 omnia
842 1303 934 1370 subs·

91 1392 212 1456 tantiae
241 1390 405 1479 singularis
435 1391 617 1480 praedicata
645 1389 753 1457 referri
786 1407 934 1478 possunt.

91 1481 171 1546 Hoc
199 1498 304 1546 autem
319 1479 456 1546 disticho
472 1480 640 1546 memoriae
654 1500 747 1546 causa
762 1481 864 1547 solent
880 1482 936 1544 in·

97 1567 202 1634 cludi.
760 1591 763 1596 ’
832 1591 833 1601 ’

154 1677 169 1718 r
263 1674 281 1718 2
367 1677 386 1745 3
499 1676 521 1736 4
656 1675 670 1740 5
846 1652 870 1722 6

103 1743 218 1810 Arbor
229 1765 298 1894 8serr
317 1765 423 1812 servns
444 1746 565 1812 ardore
587 1745 767 1836 refrigerat
791 1758 896 1825 ustos,

140 1853 159 1918 7
271 1865 275 1874 '
307 1856 340 1920 .9
570 1855 609 1900 ¹0

97 1923 179 1990 ruri
197 1943 272 1986 cras
296 1925 391 1988 stabo
410 1969 429 2000 „
443 1919 507 1987 sed
524 1927 693 1990 tunicatus
715 1947 781 1991 ero.

171 2011 282 2075 Arbor
311 2010 517 2078 substantiam
547 2013 720 2100 significat,
746 2036 806 2078 sest
836 2031 944 2098 qnan-

98 2097 252 2176 ritatem,
269 2121 376 2165 seruos
392 2101 594 2177 relationem,
608 2099 727 2166 ardore
744 2100 940 2188 qualitatem,
1011 2159 1012 2162 ,

100 2185 286 2274 refrigerat
312 2191 492 2266 actionem,
523 2205 614 2256 ustos
641 2189 841 2275 passionem,
871 2189 949 2252 ruri:

99 2275 212 2340 locum
241 2293 296 2340 aut
323 2277 401 2357 ubi,
437 2299 515 2343 cras
546 2295 672 2365 tempus
709 2293 764 2343 aut
800 2277 943 2362 quando,

100 2367 199 2430 stabo
224 2366 344 2440 sitnm,
372 2382 533 2454 postrema
561 2367 699 2456 denique
726 2367 823 2436 verbs
850 2368 945 2430 suui-

103 2469 202 2518 catus
225 2477 300 2534 ern,
324 2454 480 2523 habitum.
980 2449 982 2458 ,

151 2537 198 2604 Il.
243 2543 485 2631 Categoriarum
499 2541 663 2611 doctrinae
675 2543 837 2634 praemisit
853 2543 949 2617 Aris-

107 2630 223 2694 toteles
254 2633 424 2698 nonnullos
463 2632 662 2700 definitiones
699 2652 731 2700 et
766 2634 948 2710 divisiones,

106 2736 186 2802 quas
201 2719 315 2784 iccirco
331 2721 681 2808 antepraedicamenta
697 2723 844 2796 dixerunt
856 2722 951 2787 scho-

105 2806 220 2871 lastici.
243 2807 372 2874 xDeinde
401 2812 567 2898 exsilientis
590 2813 757 2901 categoriis
784 2809 952 2877 subiunxit

104 2897 163 2968 au’a
190 2917 319 2986 pauca,
348 2919 433 2986 quae
457 2897 809 2990 postpratdicameuta
835 2913 951 2963 vocata
