2326 3438
244 149 308 214 274
486 111 682 198 rnsrrrvr'.
704 149 846 198 rnrtos.

242 223 346 284 solum
363 239 618 310 praeoccupatus
641 219 670 282 in
691 221 828 306 aliquem
842 235 1009 286 auctorem
1022 217 1080 286 rf-

206 339 210 346 ·
243 307 372 387 fectus,
401 309 569 376 sedetiam
589 309 658 396 pari
676 352 686 384 ‚
714 309 810 374 immo
826 329 857 375 er
878 311 986 374 maiori
1002 311 1081 376 dili-

242 398 347 485 gentia
368 397 516 462 vitandus
539 415 585 464 est
609 397 742 484 quilibet
762 396 933 463 affectuum
958 397 1083 462 tumul·

242 503 308 550 tus.
336 486 399 549 Hic
423 486 505 552 enim
529 487 737 553 attentionem
765 485 896 560 turbat,
925 501 957 551 et
987 487 1083 552 iudi·
1156 567 1157 570 Ἴ

240 573 329 638 cium
347 577 534 662 corrumpit.
564 573 726 640 Moderati
741 591 864 638 tantum
885 573 1085 660 honestique

235 661 375 727 affectus
390 662 596 748 permittendi
618 683 715 740 sunt,
746 662 765 724 ii
787 663 930 739 scilicet,
955 664 1005 748 qui
1032 664 1084 730 ad

241 751 380 816 veritatis
396 751 664 841 investigationem
677 751 842 829 excitam,
875 771 906 817 et
922 751 1017 816 studii
1030 753 1083 817 la-

241 837 353 904 borem
375 839 549 907 sublevant.
580 839 758 904 Attentioni
780 861 844 908 oon
862 841 1081 926 parumrsolet

236 930 422 996 conducere
444 929 620 996 solitudinis
641 927 769 994 libertas
792 950 809 992 a
827 929 971 994 viridiori
992 949 1080 1011 qua-

241 1013 319 1082 libet
335 1019 513 1084 sensatione
526 1018 682 1082 immunis.
714 1017 817 1082 Huius
834 1016 973 1081 veritatis
987 1016 1078 1081 illus·

242 1120 293 1172 tre
312 1099 492 1192 exemplum
509 1105 641 1193 praebet
663 1101 797 1170 Ioannes
821 1105 986 1170 VVallisius
1004 1127 1077 1170 nra·
1158 1153 1159 1169 i

242 1192 432 1258 thomaricus
447 1195 690 1271 celeberrimus,
719 1195 773 1280 qni
790 1211 924 1270 narrar,
952 1215 983 1268 se
1013 1215 1074 1280 po·
1158 1275 1159 1280 ἵ

197 1309 200 1314 ·
242 1281 336 1346 tuisse
360 1282 496 1348 obscura
519 1302 550 1349 et
572 1282 680 1346 silente
698 1301 796 1348 nocte
818 1281 1007 1368 prolixiores
1035 1305 1077 1346 a·

241 1367 432 1436 rithmeticas
459 1390 489 1438 et
515 1374 721 1460 geometricas
746 1372 946 1457 operationes
973 1392 1078 1458 expe-

242 1455 339 1536 dire,
366 1461 416 1526 ita·
435 1477 471 1524 ut
501 1457 566 1526 fere
593 1457 774 1524 incredibile
806 1459 845 1522 sit
874 1475 998 1521 tantona
1021 1477 1078 1524 at·

243 1549 392 1614 tentionis
412 1549 632 1616 et-memoriae
650 1549 910 1632 experimentum.
942 1550 984 1610 At
999 1547 1079 1611 nnl-

243 1634 310 1700 lum
332 1641 507 1704 universale
530 1635 710 1702 attentionis
733 1637 944 1701 adiumentum
961 1635 1021 1698 hac
1039 1635 1078 1702 in

242 1741 333 1810 parte
361 1723 531 1812 praescribi
561 1741 677 1812 potest.
714 1722 755 1790 ld
793 1746 833 1790 ex
866 1724 959 1788 studii
991 1745 1077 1787 con-

243 1810 411 1891 suetudine
426 1811 596 1898 plurimum
611 1811 739 1900 pendet.
765 1811 845 1876 Non
863 1811 978 1878 desunt
992 1814 1075 1877 enim

243 1899 377 1964 aliorum
406 1901 579 1988 exemplu
605 1900 721 1985 quibus
750 1903 956 1966 attentionem
979 1923 1077 1964 com

243 1985 327 2050 ciliat
347 1987 548 2055 obiectorum
562 2008 763 2055 externorum
782 1990 929 2054 sensatin.
958 1987 1009 2053 lta
1024 2009 1076 2054 at-

243 2075 439 2154 tentionem,
453 2097 550 2166 atque
567 2077 660 2142 etiam
674 2075 787 2164 ingenii
805 2079 1003 2166 sagacitatem
1018 2097 1075 2143 ert·

243 2165 340 2228 citare
365 2165 468 2232 solent
486 2166 562 2232 ruris
585 2164 879 2236 deliciaesVernm
904 2165 982 2250 haec
1004 2165 1078 2254 pri·
1158 2213 1159 2216 ,

244 2271 294 2316 ma
325 2253 365 2316 sit
398 2255 574 2320 studiorum
607 2255 711 2339 regula
735 2297 746 2330 ‚
779 2255 914 2318 attentio
944 2256 1076 2335 scilieet,

244 2362 340 2428 quam
368 2358 438 2406 tota
467 2342 558 2407 animi
586 2344 789 2408 contentione
819 2342 984 2431 acquirere
1013 2365 1076 2408 co·

245 2430 386 2495 nandum
406 2447 463 2496 est.
665 2451 668 2456 ·
721 2466 724 2474 ι
827 2457 830 2464 ⁴
929 2459 931 2464 v

290 2515 378 2584 VII.
425 2515 670 2582 Observandum
686 2535 753 2594 est,
771 2518 925 2604 plurima,
940 2539 1022 2603 quae
1038 2515 1078 2594 da

243 2603 379 2670 lectione
395 2603 480 2670 dicta
499 2623 594 2683 sunt,
624 2607 668 2670 ad
682 2607 844 2692 colloquia
861 2605 952 2692 posse
970 2625 1077 2672 trans-

244 2691 343 2770 ferri,
371 2712 406 2758 ut
430 2716 470 2759 er
495 2693 555 2756 illis
579 2691 717 2757 fructum
740 2697 874 2780 aliquem
901 2695 1075 2779 capiamus.

183 2847 184 2850 Ἴ
243 2777 452 2866 Quapropter
484 2781 597 2868 regulis
626 2780 1077 2870 colloquiorumexplicaodis

242 2886 307 2929 non
333 2866 578 2934 immorabimur.
607 2867 685 2932 Hoc
719 2891 817 2934 unum
848 2869 966 2936 addere
986 2873 1079 2943 *saris
1158 2913 1159 2916 =
