2264 3420
190 156 236 234 74
270 220 271 224 ¹
342 219 347 229 Ι
381 149 399 167 ·’
453 157 640 224 tutumve.
663 159 805 222 tureos.

190 219 318 295 alterlm
331 231 557 314 extremitatem
568 249 739 296 nervorum
754 226 810 294 ubi
825 225 908 293 facta
927 223 986 293 fiait
1000 228 1070 316 pri-

189 339 240 384 ma
267 318 428 404 impulsi0.

252 405 304 468 Ex
319 407 352 469 iis
365 452 375 487 ,
390 427 469 492 quae
483 407 514 470 in
528 404 791 496 praecedentibus
805 403 1071 469 conclusionibus

183 491 273 582 [dicta
289 512 361 558 sunt
376 539 385 574 ‚
399 496 503 584 colligi
519 487 638 584 posunt
655 494 789 582 plurima
806 540 817 572 ‚
834 516 918 581 quae
935 493 977 558 ad
992 515 1070 557 cot-

188 583 332 671 tigeudas
350 585 561 649 sensationunt
577 581 712 648 fallacias
726 583 889 648 utilissima
908 598 996 645 sunt.
1014 583 1068 662 Vt

186 691 292 762 autem
317 670 452 760 singulas
478 674 695 752 sensationum
711 689 815 759 partes
831 689 982 742 accurate
993 671 1066 764 ¹dis-

186 761 389 848 tinguamus‚
420 759 541 826 motum
566 783 686 850 organo
703 759 742 824 ab
766 757 895 826 obiecto
929 759 1067 824 sensibili

185 847 369 934 impressum
386 849 526 914 dicemus
541 852 686 938 speciem¹
703 853 924 943 impressamj
947 865 1063 910 motum

185 935 259 1006 inde
275 956 483 1027 propagatum
498 940 538 1003 ad
553 939 717 1003 cerebrum
732 959 831 1026 usque
848 935 963 1002 ideam
996 959 1060 1001 ma-

186 1023 339 1092 terialem
362 1029 611 1114 appellabimus3
633 1048 670 1092 ac
693 1027 829 1114 denique
851 1025 964 1090 ideam
992 1046 1061 1102 sert,-

185 1113 312 1182 tualem
325 1117 528 1195 vocabimus,
543 1137 624 1204 quae
637 1137 653 1178 a
669 1137 760 1179 sensu
775 1115 922 1178 inanima
939 1113 1064 1200 produ-

186 1205 281 1269 citur.
305 1202 371 1267 lam
386 1222 461 1268 veto
478 1205 554 1268 dum
571 1203 675 1268 anima
692 1203 787 1267 sentit
804 1251 815 1282 ,
832 1204 901 1267 idea
919 1202 1065 1270 sensualis

188 1293 413 1356 determinatur
425 1315 480 1380 per
493 1293 595 1358 ideam
609 1293 797 1358 materialem
811 1337 820 1370 ‚
835 1291 912 1354 haec
922 1313 1004 1355 vero
1013 1310 1064 1375 pet

188 1380 327 1466 speciem
343 1383 537 1467 impressam.
562 1379 662 1469 Igitur
677 1380 700 1444 si
718 1401 756 1446 ex
773 1379 819 1462 his
845 1377 948 1442 tribus
969 1399 1063 1442 unum

188 1487 329 1556 ponatur
341 1518 352 1548 ‚
365 1469 429 1535 duo
439 1471 496 1533 alia
507 1489 636 1556 qnoque
649 1486 825 1556 ponuntur.
844 1467 975 1532 Etenim
993 1467 1065 1531 dum

185 1557 288 1622 anima
303 1558 417 1636 sentit,
433 1557 562 1646 singulis
579 1556 745 1643 speciebus
760 1557 917 1642 impressis
928 1556 1066 1642 singulae

189 1645 386 1732 respondent
401 1647 488 1712 ideae
505 1646 678 1712 materiales
695 1647 772 1711 tales
787 1665 819 1709 et
834 1665 897 1732 nup
915 1645 996 1708 aliae
1015 1689 1024 1720 ,
1038 1661 1068 1708 et

155 1785 157 1789 .
188 1731 279 1799 ideae
292 1734 447 1800 sensuales
459 1736 536 1799 tales
546 1753 577 1800 et
590 1757 652 1798 uon
662 1735 758 1800 aliae:
773 1749 925 1798 etcontta
942 1732 1069 1820 singulis

188 1821 1070 1910 ideissensualibussingulaetespondentideaemateria·

144 1931 148 1940 ·
188 1909 233 1975 les
247 1929 277 1976 et
290 1913 428 1998 singulae
442 1913 560 2000 species
574 1913 740 1998 impressae
757 1933 767 1985 3
784 1911 980 1996 singulisque
998 1909 1069 1974 ideis

172 2059 173 2062 ,
189 2001 399 2064 materialibus
413 2002 608 2087 respondent
620 2005 686 2063 'tam
709 1999 848 2086 singulae
874 1997 966 2063 ideae
998 2019 1071 2064 sen-

191 2088 314 2163 suales,
333 2111 426 2175 quarn
443 2088 579 2176 singulae
597 2092 714 2176 species
731 2089 912 2176 impressae.
943 2087 1034 2158 Hinc
1048 2087 1069 2150 si

192 2173 223 2238 in
239 2175 363 2240 duobus
378 2177 502 2241 casibus
518 2200 556 2242 ex
571 2173 615 2240 his
634 2176 760 2254 tribus,
776 2197 891 2264 nempe
907 2173 979 2240 idea
997 2197 1071 2240 sen·

143 2259 147 2271 ’
191 2264 268 2328 suali
276 2312 287 2342 ,
300 2265 370 2332 idea
383 2268 546 2344 materiali,
560 2283 591 2330 et
603 2267 705 2350 specie
716 2267 863 2350 impressa
874 2308 883 2340 ,
896 2285 997 2327 unum
1009 2261 1069 2329 fue·

192 2353 353 2435 nitidem,
372 2357 489 2440 reliqua
506 2355 570 2420 duo
584 2371 675 2418 erunt
691 2373 817 2440 quoque
834 2352 965 2428 eadem3
990 2370 1023 2416 at
1048 2352 1070 2416 si

195 2462 292 2506 unum
308 2441 397 2508 luerit
415 2445 591 2522 diversum,
609 2441 730 2507 diversa
746 2461 875 2526 quoque
891 2459 985 2505 erunt
1000 2441 1070 2505 reli-

194 2551 257 2616 qua
284 2529 501 2619 deditaque
530 2530 552 2594 sl
575 2552 727 2620 organum
756 2531 925 2618 scissorium
957 2529 1068 2594 eodem

193 2617 292 2682 modo
306 2619 345 2684 ad
359 2642 511 2706 organum
536 2640 600 2684 sese
627 2617 791 2693 babuerit,
806 2617 875 2683 idea
903 2617 1069 2683 materialis

183 2721 225 2784 Βετ
243 2708 393 2770 sensualis
410 2708 520 2773 eadem
536 2729 602 2772 esse
627 2707 732 2772 debet.
757 2707 786 2770 Si
814 2727 890 2772 reto
915 2728 1069 2793 organum

195 2795 443 2858 sensoriumnon
474 2794 564 2860 fuerit
581 2795 692 2860 endem
723 2793 820 2858 modo
847 2796 1069 2871 constitutum,

194 2881 244 2942 vel
260 2880 419 2945 obiectum
437 2883 519 2957 idem
535 2903 598 2946 non
616 2881 728 2948 eodem
746 2880 898 2946 modoad
917 2903 1071 2968 organum

191 2964 365 3045 referatur,
378 2969 501 3033 diversa
510 2991 577 3034 esse
589 2988 697 3056 potest
707 2970 775 3035 idea
786 2969 947 3033 materialis
958 2988 989 3034 et
1001 2991 1071 3033 sen·

192 3053 298 3118 sualis.
327 3055 451 3121 Etenim
467 3057 498 3122 lu
513 3057 614 3147 primo
630 3079 706 3127 casu
722 3057 807 3126 nulla
818 3075 864 3125 est
892 3057 1000 3141 ratio,
1015 3079 1071 3125 cur
