2258 3428
233 135 293 200 128
469 153 655 200 rusrruvu.
681 151 814 200 tureos.

225 243 259 289 te
275 224 436 313 glorietur.
453 223 551 288 Huuc
580 226 661 289 enim
686 226 883 290 vanissimum
907 224 1062 313 gloriolae

226 311 479 378 sumumaversati
503 313 636 378 maxime
659 312 777 392 debent
796 312 994 401 philosophi
1021 315 1063 385 Ea

226 399 373 488 profecto
401 404 481 466 ratio
494 399 579 480 fuit,
607 425 665 466 cur
690 423 747 465 nos
765 421 893 487 recepta
916 401 958 466 ab
977 404 1064 466 anti-

226 490 295 576 quis
310 488 507 578 philosophis
523 491 680 555 vocabula
708 493 949 556 servaverimus.
967 491 1068 556 Absit

228 595 358 655 tamen,
384 597 421 642 ut
443 579 514 664 quis
537 577 593 643 sibi
624 582 839 664 pursuadeat,
867 601 977 644 eama
1005 603 1070 643 no·
1128 582 1129 597 ¹

226 667 275 732 bis
288 668 448 732 contemni
470 668 552 732 vlam
570 713 580 746 ,
596 667 675 734 licet
695 663 905 732 difficiliorem
930 685 963 734 et
987 668 1067 732 lou-

227 756 345 843 giorem
359 801 368 833 ,
384 777 459 843 qua·
474 773 613 821 oratores
636 759 686 822 vel
702 765 815 846 po'e'tae
839 757 879 821 ad
897 761 1065 823 veritatem

226 846 370 908 tendunt.
400 844 486 922 Quin
511 847 619 933 potius
647 866 710 910 uou
735 846 950 911 inconsultum
977 848 1066 910 iudi·
1125 879 1126 896 ι

226 953 386 1012 camuS‚ut
402 934 598 1000 veritatema
615 934 807 1022 philosopho
821 954 962 1010 erutam,
981 957 1067 1021 quae

224 1024 310 1088 ouda
320 1041 351 1087 et
366 1025 499 1109 simplex
514 1025 684 1113 aliquando
700 1019 879 1100 fastiditur,
894 1021 1067 1110 pulchrio-

226 1113 252 1175 ri
283 1131 399 1176 ornatu
424 1112 570 1189 vestitam
601 1114 631 1176 iu
667 1133 791 1178 scenam
823 1115 982 1198 producat
1016 1111 1067 1178 vel

225 1208 322 1286 poeta
345 1202 395 1264 vel
410 1218 519 1264 orator
533 1247 544 1278 ‚
558 1219 655 1288 atque
670 1203 712 1265 ita
726 1205 792 1267 eins
807 1220 915 1265 amote
928 1199 1067 1284 capian-

223 1309 301 1365 tur,
328 1289 442 1374 quibus
469 1289 555 1354 nuda
581 1313 645 1354 uon
673 1295 744 1356 satis
763 1291 878 1376 placet.
896 1289 1011 1374 Opera
1028 1315 1066 1357 e·
1121 1322 1125 1331 ·

225 1377 290 1441 nim
307 1377 412 1440 danda
427 1395 497 1456 est,
513 1399 546 1442 ut
570 1382 684 1444 veritas
700 1382 838 1442 omnium
852 1382 981 1442 omniuo
1001 1378 1067 1443 ho-

225 1467 467 1531 miuumauimis
490 1468 682 1545 instilletur,
696 1461 911 1554 'quacumque
934 1468 1066 1533 demum

224 1557 345 1620 tatione
371 1557 403 1621 id
433 1557 498 1621 fieri
529 1559 639 1644 possit.
665 1557 756 1635 Quae
781 1581 798 1621 a
826 1575 936 1619 nostro
960 1577 1065 1644 scopo

224 1645 324 1710 aliena
348 1662 419 1708 suut
434 1689 445 1723 ,
461 1663 493 1711 et
515 1669 532 1708 a
554 1643 625 1709 foto
649 1645 871 1733 philosophico
886 1642 1000 1710 abesse
1015 1647 1065 1710 iu·

224 1733 363 1811 beurur,
395 1754 459 1795 uon
483 1734 556 1798 ideo
587 1735 833 1821 vituperantur,
857 1753 952 1798 etex
981 1734 1062 1798 orbe

223 1823 375 1886 litterario
391 1822 645 1908 proscribuntur.
671 1825 775 1889 Huius
795 1821 971 1910 elegantiae
987 1821 1064 1908 phi-

223 1910 406 1995 losophicae
436 1915 633 1998 praeclarum
659 1913 838 1997 exemplum
864 1909 923 1974 hac
953 1929 1064 1976 nostra

224 1995 328 2063 aetate
344 1999 582 2084 praebuerunt,
611 1999 659 2064 vir
681 2002 833 2088 dignitate
851 2019 948 2084 atque
969 2002 1064 2088 inge-

225 2090 278 2154 uio
312 2089 572 2156 eminentissimus
599 2087 764 2154 cardinalis
785 2093 825 2156 de
852 2089 1004 2176 Poligoac
1032 2090 1065 2152 iu

226 2175 431 2264 philosophia
458 2177 698 2242 antiluctetiana
721 2227 732 2256 ,
757 2196 789 2244 et
809 2178 995 2241 clarissimus
1019 2181 1067 2242 vit

224 2269 342 2354 Stayus
357 2270 387 2330 in
399 2286 535 2353 utraque
546 2267 679 2331 Certesii
695 2289 725 2332 et
739 2269 900 2333 Newtoni
914 2265 1066 2352 plriloso-
1125 2303 1126 2318 ÷

224 2356 298 2442 piria
322 2358 459 2420 versibus
482 2356 611 2420 tradita.
629 2356 800 2420 Caeterum
813 2359 846 2420 in
858 2377 1065 2442 quocumque

223 2444 379 2510 scribendi
393 2463 508 2530 genere
530 2467 603 2509 eum
623 2448 797 2530 respuimus
823 2433 993 2509 verborum
1010 2466 1065 2507 ot·
1124 2507 1125 2530 ξ

225 2551 364 2606 uatum,
391 2533 444 2615 qui
471 2533 501 2595 iu
526 2534 626 2597 verbis
661 2534 866 2620 impropriis,
891 2533 1063 2596 verborum

224 2619 427 2706 ambagibus,
454 2643 602 2710 metaque
617 2623 799 2709 garrulitate
821 2620 967 2686 consistit
977 2666 993 2704 Ι,
1017 2639 1065 2684 at·

225 2733 287 2796 que
315 2710 415 2772 multo
433 2712 527 2800 magis
554 2711 664 2774 odiosa
688 2708 928 2798 censerildebet
944 2711 1064 2794 loqua-
1123 2745 1124 2800 ᾗ

224 2798 387 2874 citasilla,
406 2800 431 2861 si
459 2797 656 2864 coutumeliis
681 2803 732 2865 vel
759 2799 870 2864 acriori
899 2799 964 2862 sale
992 2799 1067 2861 lite·'
1123 2819 1124 2822 ’

225 2891 265 2952 rit
280 2886 440 2974 adspersa.
458 2887 549 2967 Quae
562 2889 716 2953 hacteuus
740 2888 824 2954 dicta
840 2905 913 2954 sunt
928 2886 971 2952 de
987 2887 1062 2952 dic-
