2258 3428
226 121 269 188 62
469 141 661 188 rnsatrvr.
688 142 834 188 neruos:

225 209 415 298 tinguendo.
446 207 533 277 Hinc
562 232 669 278 rursus
701 216 791 278 notio
822 213 930 292 clara,
958 231 1072 300 quam

132 370 135 374 ,
223 297 378 365 habemus
395 345 405 380 ,
435 301 485 366 vel
500 301 665 367 distincta
680 319 728 366 est
744 303 794 367 vei
809 301 962 381 consuan-
989 299 1072 366 Dis-

225 390 326 453 tincta
351 389 478 476 quidem
496 435 506 470 ,
523 394 567 456 'si
591 408 686 456 notas
715 389 920 482 distinguere
944 389 1072 456 ualea-

225 500 308 542 mus.
336 476 481 544 Confusa
508 501 611 558 vern,
637 482 667 544 si
690 503 747 545 eas
771 479 977 567 distinguere
1004 501 1073 546 non

223 569 397 654 possimus.
426 568 465 630 E.
496 591 525 657 g.
552 569 743 658 triangulum
776 587 832 633 aut
857 591 921 632 nno
947 566 1075 633 obtutu

227 653 558 742 comprehendimus,
588 678 643 722 aut
675 658 830 746 sigillatim
850 657 901 722 :a'd
931 657 1073 744 singulas

228 744 502 812 circumferentiae
514 745 579 812 eius
592 766 696 832 partes
708 748 913 832 attentionem
926 763 1074 811 nostram

230 853 470 921 promovemus.
496 833 536 900 In
557 836 652 922 priori
671 857 745 900 caso
762 854 855 900 notas
869 833 933 900 non
952 833 1074 898 distin-

229 923 355 1010 guimus
370 970 381 1003 ,
409 917 492 1012 quae
507 925 697 1012 triangulum
718 923 758 994 ab
774 925 840 990 aliis
855 923 972 1011 ‘figuris
998 923 1073 987 dis*

230 1030 389 1089 cernunt,
419 1031 450 1078 et
475 1013 564 1077 notio
589 1012 722 1080 confusa
742 1031 800 1078 est.
832 1011 870 1076 ln
896 1013 1091 1100 posteriori

229 1120 336 1167 autem
352 1121 426 1170 casu
442 1101 613 1168 iudicamus
629 1146 638 1181 ,
669 1100 951 1167 circumferentiam
967 1121 1069 1164 cons-

229 1205 298 1254 tare
318 1210 357 1253 ex
382 1188 481 1254 tribus
505 1191 619 1270 lineis,
648 1209 679 1256 et
707 1213 765 1279 per
789 1191 876 1254 huuc
899 1209 1068 1276 numerum

229 1277 362 1342 laterum
386 1278 534 1344 a'ceteris
560 1279 664 1369 figuris
691 1279 884 1367 triangulum
910 1277 1069 1342 discerni·
1127 1294 1128 1341 ὲ

229 1387 326 1443 mus,
353 1385 487 1454 tumque
512 1369 547 1432 fit
573 1367 662 1433 notio
691 1369 848 1433 distincta.
875 1364 994 1454 Itaque.
1016 1367 1066 1432 rei

178 1455 181 1463 ’
230 1453 361 1520 alicuius
376 1457 466 1520 notio
481 1476 589 1546 potest
607 1479 675 1524 esse
690 1456 774 1521 clara
789 1456 882 1521 simul
898 1475 928 1520 et
944 1452 1067 1522 conius
1127 1464 1128 1475 ¹

230 1563 289 1624 sa,
318 1544 342 1608 si
368 1567 482 1634 nempe
508 1545 641 1612 confuse
667 1565 790 1614 tantum
817 1560 848 1610 et
876 1543 972 1608 unico
998 1544 1070 1610 vei·

230 1635 278 1700 uti
301 1633 418 1700 intuitu
443 1636 671 1720 amplectamur
697 1651 786 1700 notas
809 1634 931 1699 adrem
954 1633 1067 1698 distin·

230 1722 389 1810 guendtm
416 1723 629 1804 sufficientes,
654 1745 735 1813 quas
760 1740 865 1790 tamen
886 1720 1067 1810 distingue·

229 1831 265 1876 re
291 1827 323 1876 et
355 1831 536 1878 enumerare
562 1835 625 1878 non
651 1833 830 1900 possumus.
860 1811 981 1876 Eadem
1012 1807 1067 1875 fe·

229 1905 265 1970 re
281 1899 402 1964 ratione
417 1902 441 1965 si
458 1900 581 1986 pictura
595 1901 699 1990 aliqua
715 1899 806 1967 nobis
822 1899 865 1965 ob
879 1899 991 1964 oculos
1004 1896 1068 1962 ob·

183 2031 185 2035 .
230 2006 398 2065 versetur,
426 2009 483 2054 nec
506 1993 578 2055 satis
600 2013 816 2080 quascumque
832 1988 970 2076 eiusdem
992 1991 1068 2072 pic-

229 2093 321 2142 turae
355 2096 469 2166 patres
491 2100 557 2142 uno
593 2081 678 2144 oculi
699 2079 783 2145 ictu
815 2077 1068 2166 distinguamus,

230 2164 313 2230 hanc
327 2165 465 2252 quidem
483 2161 639 2256 picturam
662 2167 702 2232 ab
715 2171 775 2232 alia
796 2167 935 2254 qualibet
950 2164 1070 2230 distin·

129 2305 132 2312 ,
232 2257 377 2341 guimus,
405 2279 441 2320 ac
468 2258 601 2344 proinde
626 2259 743 2322 claram
761 2255 858 2322 huius
883 2255 985 2322 ideam
1008 2253 1072 2318 ha-

231 2343 368 2423 bemus,
396 2367 462 2410 non
484 2363 589 2412 tamen
606 2347 813 2424 distinctam,
841 2343 1071 2432 quamdeinde

230 2433 420 2522 acquirimus
436 2477 447 2510 ,
478 2436 613 2522 singulas
626 2437 768 2525 picturae
783 2453 889 2520 partes
916 2434 1069 2498 attentius

231 2519 492 2606 contemplando.
525 2525 641 2612 Neque
666 2548 724 2590 nos
751 2524 863 2611 aliquis
891 2521 1072 2608 reprehen-

233 2611 307 2675 dere
330 2610 450 2690 debet,
481 2616 572 2698 quod·
592 2615 659 2680 dno
680 2613 909 2704 distinguamus
929 2612 1070 2689 nomina,

222 2699 350 2784 quibus
384 2699 525 2766 eamdem
560 2702 817 2793 significationem
851 2697 964 2764 tribuit
993 2719 1072 2764 usus

231 2787 395 2873 loquendi.
424 2787 463 2854 ld
488 2790 571 2856 enim
600 2791 733 2856 maxime
757 2790 929 2855 observare
953 2787 1075 2856 debent

231 2875 443 2966 philosophi,
474 2897 510 2944 ut
531 2880 681 2950 notiones
695 2881 786 2964 illas,
814 2877 896 2944 inter
918 2897 999 2964 quas
1022 2879 1076 2942 vel
