<?xml version="1.0" encoding="UTF-8"?>
<!DOCTYPE html PUBLIC "-//W3C//DTD XHTML 1.0 Transitional//EN"
    "http://www.w3.org/TR/xhtml1/DTD/xhtml1-transitional.dtd">
<html xmlns="http://www.w3.org/1999/xhtml" xml:lang="en" lang="en">
 <head>
  <title>
</title>
<meta http-equiv="Content-Type" content="text/html;charset=utf-8" />
  <meta name='ocr-system' content='tesseract 3.04.00' />
  <meta name='ocr-capabilities' content='ocr_page ocr_carea ocr_par ocr_line ocrx_word'/>
</head>
<body>
  <div class='ocr_page' id='page_1' title='image "./institutionesph00jacqgoog_0514.png"; bbox 0 0 2270 3416; ppageno 0'>
   <div class='ocr_carea' id='block_1_1' title="bbox 271 113 971 188">
    <p class='ocr_par' dir='ltr' id='par_1_1' title="bbox 271 113 971 188">
     <span class='ocr_line' id='line_1_1' title="bbox 271 113 971 188; baseline -0.006 -21"><span class='ocrx_word' id='word_1_1' title='bbox 271 119 357 167; x_wconf 76' lang='lat' dir='ltr'>PARS</span> <span class='ocrx_word' id='word_1_2' title='bbox 382 115 416 163; x_wconf 91' lang='lat'>11</span> <span class='ocrx_word' id='word_1_3' title='bbox 439 115 598 164; x_wconf 70' lang='lat' dir='ltr'><strong>HMAPH·</strong></span> <span class='ocrx_word' id='word_1_4' title='bbox 622 115 698 162; x_wconf 72' lang='grc' dir='ltr'><strong>ΟΑΡ.</strong></span> <span class='ocrx_word' id='word_1_5' title='bbox 721 113 786 163; x_wconf 85' lang='lat'>111.</span> <span class='ocrx_word' id='word_1_6' title='bbox 910 117 971 188; x_wconf 77' lang='lat'>107</span> 
     </span>
    </p>
   </div>
   <div class='ocr_carea' id='block_1_2' title="bbox 26 278 986 904">
    <p class='ocr_par' dir='ltr' id='par_1_2' title="bbox 75 278 986 797">
     <span class='ocr_line' id='line_1_2' title="bbox 75 278 974 360; baseline -0.002 -17"><span class='ocrx_word' id='word_1_7' title='bbox 75 278 251 360; x_wconf 74' lang='lat' dir='ltr'>Qvanvrs</span> <span class='ocrx_word' id='word_1_8' title='bbox 266 291 559 342; x_wconf 75' lang='lat' dir='ltr'>rrtnrnrnnnrrnm</span> <span class='ocrx_word' id='word_1_9' title='bbox 575 290 893 341; x_wconf 76' lang='lat' dir='ltr'>oonnnrmnrarrs</span> <span class='ocrx_word' id='word_1_10' title='bbox 908 293 974 341; x_wconf 82' lang='lat' dir='ltr'>nn·</span> 
     </span>
     <span class='ocr_line' id='line_1_3' title="bbox 125 382 977 440; baseline -0.006 -7"><span class='ocrx_word' id='word_1_11' title='bbox 125 385 310 433; x_wconf 73' lang='lat' dir='ltr'>autumn</span> <span class='ocrx_word' id='word_1_12' title='bbox 325 382 363 429; x_wconf 81' lang='lat' dir='ltr'>rn</span> <span class='ocrx_word' id='word_1_13' title='bbox 384 383 526 430; x_wconf 73' lang='lat' dir='ltr'>iromus</span> <span class='ocrx_word' id='word_1_14' title='bbox 545 383 671 440; x_wconf 79' lang='lat' dir='ltr'>narso,</span> <span class='ocrx_word' id='word_1_15' title='bbox 692 383 866 432; x_wconf 81' lang='lat' dir='ltr'>stovrontr</span> <span class='ocrx_word' id='word_1_16' title='bbox 882 383 977 428; x_wconf 76' lang='lat' dir='ltr'>nru-</span> 
     </span>
     <span class='ocr_line' id='line_1_4' title="bbox 126 471 976 532; baseline -0.001 -12"><span class='ocrx_word' id='word_1_17' title='bbox 126 477 192 522; x_wconf 79' lang='lat' dir='ltr'>avs</span> <span class='ocrx_word' id='word_1_18' title='bbox 224 475 309 532; x_wconf 77' lang='lat' dir='ltr'>nst,</span> <span class='ocrx_word' id='word_1_19' title='bbox 341 474 408 524; x_wconf 84' lang='lat' dir='ltr'>ovr</span> <span class='ocrx_word' id='word_1_20' title='bbox 439 471 539 518; x_wconf 77' lang='lat' dir='ltr'>uano</span> <span class='ocrx_word' id='word_1_21' title='bbox 573 471 623 516; x_wconf 82' lang='lat' dir='ltr'>ao</span> <span class='ocrx_word' id='word_1_22' title='bbox 656 471 782 516; x_wconf 79' lang='lat' dir='ltr'>nouum</span> <span class='ocrx_word' id='word_1_23' title='bbox 816 472 892 518; x_wconf 75' lang='lat' dir='ltr'>avr</span> <span class='ocrx_word' id='word_1_24' title='bbox 925 475 976 519; x_wconf 76' lang='lat' dir='ltr'>an</span> 
     </span>
     <span class='ocr_line' id='line_1_5' title="bbox 126 559 977 610; baseline -0.001 -2"><span class='ocrx_word' id='word_1_25' title='bbox 126 564 257 610; x_wconf 75' lang='lat' dir='ltr'>manvu</span> <span class='ocrx_word' id='word_1_26' title='bbox 274 563 424 608; x_wconf 67' lang='lat' dir='ltr'>uorans</span> <span class='ocrx_word' id='word_1_27' title='bbox 438 561 512 608; x_wconf 78' lang='lat' dir='ltr'>susa</span> <span class='ocrx_word' id='word_1_28' title='bbox 528 559 792 606; x_wconf 77' lang='lat' dir='ltr'>oonvnnrnnnr</span> <span class='ocrx_word' id='word_1_29' title='bbox 809 560 977 607; x_wconf 71' lang='lat' dir='ltr'>roratas·</span> 
     </span>
     <span class='ocr_line' id='line_1_6' title="bbox 127 648 986 699; baseline -0.003 -1"><span class='ocrx_word' id='word_1_30' title='bbox 127 652 204 699; x_wconf 77' lang='lat' dir='ltr'>nuru</span> <span class='ocrx_word' id='word_1_31' title='bbox 226 653 373 697; x_wconf 73' lang='lat' dir='ltr'>maxumo</span> <span class='ocrx_word' id='word_1_32' title='bbox 398 651 454 694; x_wconf 89' lang='lat' dir='ltr'>svr</span> <span class='ocrx_word' id='word_1_33' title='bbox 481 648 671 694; x_wconf 71' lang='lat' dir='ltr'>nrsrmnnro</span> <span class='ocrx_word' id='word_1_34' title='bbox 701 649 772 695; x_wconf 81' lang='lat' dir='ltr'>non</span> <span class='ocrx_word' id='word_1_35' title='bbox 799 649 986 696; x_wconf 58' lang='lat' dir='ltr'>exrema«</span> 
     </span>
     <span class='ocr_line' id='line_1_7' title="bbox 126 736 977 797; baseline 0 -11"><span class='ocrx_word' id='word_1_36' title='bbox 126 741 226 797; x_wconf 76' lang='lat' dir='ltr'>nvu3</span> <span class='ocrx_word' id='word_1_37' title='bbox 246 742 329 785; x_wconf 72' lang='lat' dir='ltr'>rens</span> <span class='ocrx_word' id='word_1_38' title='bbox 346 737 473 784; x_wconf 78' lang='lat' dir='ltr'>naman</span> <span class='ocrx_word' id='word_1_39' title='bbox 489 739 539 784; x_wconf 76' lang='lat' dir='ltr'>an</span> <span class='ocrx_word' id='word_1_40' title='bbox 552 736 749 785; x_wconf 74' lang='lat' dir='ltr'>assuetarum</span> <span class='ocrx_word' id='word_1_41' title='bbox 762 737 977 786; x_wconf 70' lang='lat' dir='ltr'>trutannus</span> 
     </span>
    </p>

    <p class='ocr_par' dir='ltr' id='par_1_3' title="bbox 26 807 982 904">
     <span class='ocr_line' id='line_1_8' title="bbox 26 807 982 904; baseline -0.005 -28"><span class='ocrx_word' id='word_1_42' title='bbox 26 823 40 840; x_wconf 71' lang='lat'>⁶</span> <span class='ocrx_word' id='word_1_43' title='bbox 128 827 482 904; x_wconf 73' lang='lat' dir='ltr'>urusunrurtnmnn.</span> <span class='ocrx_word' id='word_1_44' title='bbox 979 807 982 814; x_wconf 70' lang='grc'>“</span> 
     </span>
    </p>
   </div>
   <div class='ocr_carea' id='block_1_3' title="bbox 86 981 979 1164">
    <p class='ocr_par' dir='ltr' id='par_1_4' title="bbox 86 981 979 1164">
     <span class='ocr_line' id='line_1_9' title="bbox 128 981 979 1053; baseline 0.005 -4"><span class='ocrx_word' id='word_1_45' title='bbox 128 981 192 1050; x_wconf 88' lang='grc' dir='ltr'>ΧΙ.</span> <span class='ocrx_word' id='word_1_46' title='bbox 236 983 404 1051; x_wconf 84' lang='lat' dir='ltr'><strong>Probatur.</strong></span> <span class='ocrx_word' id='word_1_47' title='bbox 435 981 560 1051; x_wconf 81' lang='lat' dir='ltr'>Etenim</span> <span class='ocrx_word' id='word_1_48' title='bbox 587 982 653 1049; x_wconf 89' lang='lat' dir='ltr'>sine</span> <span class='ocrx_word' id='word_1_49' title='bbox 682 982 742 1048; x_wconf 86' lang='lat' dir='ltr'>hac</span> <span class='ocrx_word' id='word_1_50' title='bbox 771 982 979 1053; x_wconf 87' lang='lat' dir='ltr'>indifferentia</span> 
     </span>
     <span class='ocr_line' id='line_1_10' title="bbox 86 1071 977 1164; baseline 0 -26"><span class='ocrx_word' id='word_1_51' title='bbox 86 1093 155 1140; x_wconf 83' lang='lat' dir='ltr'>esse</span> <span class='ocrx_word' id='word_1_52' title='bbox 176 1089 209 1138; x_wconf 89' lang='lat' dir='ltr'>et</span> <span class='ocrx_word' id='word_1_53' title='bbox 230 1074 357 1162; x_wconf 80' lang='lat' dir='ltr'><strong>concipi</strong></span> <span class='ocrx_word' id='word_1_54' title='bbox 379 1089 490 1164; x_wconf 85' lang='lat' dir='ltr'>potest</span> <span class='ocrx_word' id='word_1_55' title='bbox 514 1071 646 1138; x_wconf 88' lang='lat' dir='ltr'>liberum</span> <span class='ocrx_word' id='word_1_56' title='bbox 666 1071 830 1138; x_wconf 84' lang='lat' dir='ltr'>arbitrium</span> <span class='ocrx_word' id='word_1_57' title='bbox 853 1095 907 1138; x_wconf 88' lang='lat' dir='ltr'>seu</span> <span class='ocrx_word' id='word_1_58' title='bbox 932 1078 977 1138; x_wconf 87' lang='lat' dir='ltr'>vis</span> 
     </span>
    </p>
   </div>
   <div class='ocr_carea' id='block_1_4' title="bbox 85 1159 1077 1251">
    <p class='ocr_par' dir='ltr' id='par_1_5' title="bbox 85 1159 1077 1251">
     <span class='ocr_line' id='line_1_11' title="bbox 85 1159 1077 1251; baseline 0.001 -25"><span class='ocrx_word' id='word_1_59' title='bbox 85 1161 238 1241; x_wconf 74' lang='lat' dir='ltr'>electiva,</span> <span class='ocrx_word' id='word_1_60' title='bbox 266 1184 365 1251; x_wconf 87' lang='lat' dir='ltr'>quum</span> <span class='ocrx_word' id='word_1_61' title='bbox 396 1162 436 1228; x_wconf 89' lang='lat' dir='ltr'>ad</span> <span class='ocrx_word' id='word_1_62' title='bbox 460 1163 645 1228; x_wconf 76' lang='lat' dir='ltr'>electionem</span> <span class='ocrx_word' id='word_1_63' title='bbox 670 1159 805 1226; x_wconf 85' lang='lat' dir='ltr'>sufficiat</span> <span class='ocrx_word' id='word_1_64' title='bbox 835 1177 977 1250; x_wconf 84' lang='lat' dir='ltr'>potestas</span> <span class='ocrx_word' id='word_1_65' title='bbox 1061 1171 1077 1198; x_wconf 52' lang='lat'>‘¹</span> 
     </span>
    </p>
   </div>
   <div class='ocr_carea' id='block_1_5' title="bbox 13 1249 1056 3113">
    <p class='ocr_par' dir='ltr' id='par_1_6' title="bbox 13 1249 1054 2462">
     <span class='ocr_line' id='line_1_12' title="bbox 86 1249 979 1339; baseline 0 -25"><span class='ocrx_word' id='word_1_66' title='bbox 86 1249 202 1337; x_wconf 84' lang='lat' dir='ltr'>agendi</span> <span class='ocrx_word' id='word_1_67' title='bbox 218 1249 267 1316; x_wconf 90' lang='lat' dir='ltr'>vel</span> <span class='ocrx_word' id='word_1_68' title='bbox 289 1271 353 1336; x_wconf 81' lang='lat' dir='ltr'>non</span> <span class='ocrx_word' id='word_1_69' title='bbox 368 1250 491 1339; x_wconf 84' lang='lat' dir='ltr'>agendi.</span> <span class='ocrx_word' id='word_1_70' title='bbox 514 1251 564 1318; x_wconf 83' lang='lat' dir='ltr'>V.</span> <span class='ocrx_word' id='word_1_71' title='bbox 583 1271 614 1338; x_wconf 86' lang='lat' dir='ltr'>g.</span> <span class='ocrx_word' id='word_1_72' title='bbox 632 1251 683 1314; x_wconf 91' lang='lat' dir='ltr'>cui</span> <span class='ocrx_word' id='word_1_73' title='bbox 699 1252 825 1314; x_wconf 88' lang='lat' dir='ltr'>unicum</span> <span class='ocrx_word' id='word_1_74' title='bbox 844 1251 875 1315; x_wconf 91' lang='lat' dir='ltr'>irr</span> <span class='ocrx_word' id='word_1_75' title='bbox 893 1273 979 1317; x_wconf 88' lang='lat' dir='ltr'>merr-</span> 
     </span>
     <span class='ocr_line' id='line_1_13' title="bbox 62 1337 988 1428; baseline 0.003 -26"><span class='ocrx_word' id='word_1_76' title='bbox 62 1354 66 1372; x_wconf 91' lang='lat'><em>·</em></span> <span class='ocrx_word' id='word_1_77' title='bbox 84 1359 118 1402; x_wconf 86' lang='lat' dir='ltr'>sa</span> <span class='ocrx_word' id='word_1_78' title='bbox 132 1339 308 1428; x_wconf 89' lang='lat' dir='ltr'>opponitur</span> <span class='ocrx_word' id='word_1_79' title='bbox 324 1337 498 1416; x_wconf 86' lang='lat' dir='ltr'>ferculum,</span> <span class='ocrx_word' id='word_1_80' title='bbox 517 1339 595 1404; x_wconf 86' lang='lat' dir='ltr'>liber</span> <span class='ocrx_word' id='word_1_81' title='bbox 618 1357 665 1404; x_wconf 90' lang='lat' dir='ltr'>est</span> <span class='ocrx_word' id='word_1_82' title='bbox 682 1337 827 1404; x_wconf 82' lang='lat' dir='ltr'>libertate</span> <span class='ocrx_word' id='word_1_83' title='bbox 849 1341 988 1408; x_wconf 87' lang='lat' dir='ltr'>electio·-</span> 
     </span>
     <span class='ocr_line' id='line_1_14' title="bbox 85 1427 976 1516; baseline 0.007 -25"><span class='ocrx_word' id='word_1_84' title='bbox 85 1431 154 1505; x_wconf 91' lang='lat' dir='ltr'>nis,</span> <span class='ocrx_word' id='word_1_85' title='bbox 179 1445 334 1515; x_wconf 87' lang='lat' dir='ltr'>quatenus</span> <span class='ocrx_word' id='word_1_86' title='bbox 357 1443 466 1516; x_wconf 85' lang='lat' dir='ltr'>potest</span> <span class='ocrx_word' id='word_1_87' title='bbox 487 1447 526 1491; x_wconf 82' lang='lat' dir='ltr'>ex</span> <span class='ocrx_word' id='word_1_88' title='bbox 551 1449 589 1494; x_wconf 87' lang='lat' dir='ltr'>eo</span> <span class='ocrx_word' id='word_1_89' title='bbox 610 1427 705 1494; x_wconf 90' lang='lat' dir='ltr'>edere</span> <span class='ocrx_word' id='word_1_90' title='bbox 722 1429 771 1492; x_wconf 88' lang='lat' dir='ltr'>vel</span> <span class='ocrx_word' id='word_1_91' title='bbox 784 1451 850 1492; x_wconf 88' lang='lat' dir='ltr'>non</span> <span class='ocrx_word' id='word_1_92' title='bbox 866 1430 976 1508; x_wconf 73' lang='lat' dir='ltr'>ederet</span> 
     </span>
     <span class='ocr_line' id='line_1_15' title="bbox 84 1513 979 1604; baseline 0.001 -23"><span class='ocrx_word' id='word_1_93' title='bbox 84 1519 212 1583; x_wconf 85' lang='lat' dir='ltr'>tametsi</span> <span class='ocrx_word' id='word_1_94' title='bbox 228 1539 292 1582; x_wconf 90' lang='lat' dir='ltr'>non</span> <span class='ocrx_word' id='word_1_95' title='bbox 309 1515 409 1604; x_wconf 81' lang='lat' dir='ltr'>possit</span> <span class='ocrx_word' id='word_1_96' title='bbox 423 1535 520 1579; x_wconf 89' lang='lat' dir='ltr'>unum</span> <span class='ocrx_word' id='word_1_97' title='bbox 536 1513 691 1580; x_wconf 86' lang='lat' dir='ltr'>ferculum</span> <span class='ocrx_word' id='word_1_98' title='bbox 708 1537 784 1602; x_wconf 85' lang='lat' dir='ltr'>prae</span> <span class='ocrx_word' id='word_1_99' title='bbox 799 1516 863 1578; x_wconf 89' lang='lat' dir='ltr'>alio</span> <span class='ocrx_word' id='word_1_100' title='bbox 878 1518 979 1583; x_wconf 88' lang='lat' dir='ltr'>adsu-</span> 
     </span>
     <span class='ocr_line' id='line_1_16' title="bbox 85 1601 980 1692; baseline 0.002 -24"><span class='ocrx_word' id='word_1_101' title='bbox 85 1625 188 1683; x_wconf 84' lang='lat' dir='ltr'>mere,</span> <span class='ocrx_word' id='word_1_102' title='bbox 209 1627 247 1669; x_wconf 91' lang='lat' dir='ltr'>ac</span> <span class='ocrx_word' id='word_1_103' title='bbox 270 1606 405 1692; x_wconf 83' lang='lat' dir='ltr'>proinde</span> <span class='ocrx_word' id='word_1_104' title='bbox 425 1605 511 1668; x_wconf 88' lang='lat' dir='ltr'>circa</span> <span class='ocrx_word' id='word_1_105' title='bbox 532 1601 593 1668; x_wconf 93' lang='lat' dir='ltr'>hoc</span> <span class='ocrx_word' id='word_1_106' title='bbox 610 1625 674 1667; x_wconf 90' lang='lat' dir='ltr'>non</span> <span class='ocrx_word' id='word_1_107' title='bbox 692 1605 731 1668; x_wconf 91' lang='lat' dir='ltr'>sit</span> <span class='ocrx_word' id='word_1_108' title='bbox 747 1603 826 1669; x_wconf 84' lang='lat' dir='ltr'>liber</span> <span class='ocrx_word' id='word_1_109' title='bbox 846 1603 980 1670; x_wconf 84' lang='lat' dir='ltr'>liberta-</span> 
     </span>
     <span class='ocr_line' id='line_1_17' title="bbox 86 1692 979 1762; baseline 0.008 -6"><span class='ocrx_word' id='word_1_110' title='bbox 86 1707 121 1756; x_wconf 83' lang='lat' dir='ltr'>te</span> <span class='ocrx_word' id='word_1_111' title='bbox 142 1695 385 1760; x_wconf 82' lang='lat' dir='ltr'>contrarietatis.</span> <span class='ocrx_word' id='word_1_112' title='bbox 410 1692 575 1758; x_wconf 89' lang='lat' dir='ltr'>Praeterea</span> <span class='ocrx_word' id='word_1_113' title='bbox 596 1695 618 1756; x_wconf 85' lang='lat' dir='ltr'>si</span> <span class='ocrx_word' id='word_1_114' title='bbox 639 1693 725 1758; x_wconf 85' lang='lat' dir='ltr'>uuila</span> <span class='ocrx_word' id='word_1_115' title='bbox 747 1711 829 1758; x_wconf 85' lang='lat' dir='ltr'>esset</span> <span class='ocrx_word' id='word_1_116' title='bbox 851 1693 979 1762; x_wconf 87' lang='lat' dir='ltr'>libertas</span> 
     </span>
     <span class='ocr_line' id='line_1_18' title="bbox 87 1779 1003 1865; baseline 0.008 -21"><span class='ocrx_word' id='word_1_117' title='bbox 87 1781 153 1847; x_wconf 89' lang='lat' dir='ltr'>sine</span> <span class='ocrx_word' id='word_1_118' title='bbox 166 1781 220 1847; x_wconf 90' lang='lat' dir='ltr'>tali</span> <span class='ocrx_word' id='word_1_119' title='bbox 235 1781 453 1848; x_wconf 85' lang='lat' dir='ltr'>indeffetentia</span> <span class='ocrx_word' id='word_1_120' title='bbox 466 1783 506 1846; x_wconf 87' lang='lat' dir='ltr'>ad</span> <span class='ocrx_word' id='word_1_121' title='bbox 522 1781 639 1846; x_wconf 91' lang='lat' dir='ltr'>bonum</span> <span class='ocrx_word' id='word_1_122' title='bbox 654 1783 702 1848; x_wconf 87' lang='lat' dir='ltr'>vei</span> <span class='ocrx_word' id='word_1_123' title='bbox 718 1783 832 1847; x_wconf 86' lang='lat' dir='ltr'>malum</span> <span class='ocrx_word' id='word_1_124' title='bbox 847 1787 979 1865; x_wconf 87' lang='lat' dir='ltr'>morale,</span> <span class='ocrx_word' id='word_1_125' title='bbox 1002 1779 1003 1782; x_wconf 28' lang='lat'>¹</span> 
     </span>
     <span class='ocr_line' id='line_1_19' title="bbox 87 1869 1026 1959; baseline 0.007 -27"><span class='ocrx_word' id='word_1_126' title='bbox 87 1889 291 1956; x_wconf 83' lang='lat' dir='ltr'>sequeretur,</span> <span class='ocrx_word' id='word_1_127' title='bbox 319 1871 492 1958; x_wconf 84' lang='lat' dir='ltr'>potentiam</span> <span class='ocrx_word' id='word_1_128' title='bbox 521 1869 675 1959; x_wconf 81' lang='lat' dir='ltr'>peccandi</span> <span class='ocrx_word' id='word_1_129' title='bbox 699 1892 764 1938; x_wconf 88' lang='lat' dir='ltr'>esse</span> <span class='ocrx_word' id='word_1_130' title='bbox 790 1873 829 1937; x_wconf 88' lang='lat' dir='ltr'>de</span> <span class='ocrx_word' id='word_1_131' title='bbox 850 1878 981 1939; x_wconf 80' lang='lat' dir='ltr'>essentia</span> <span class='ocrx_word' id='word_1_132' title='bbox 1024 1917 1026 1922; x_wconf 93' lang='lat'>-</span> 
     </span>
     <span class='ocr_line' id='line_1_20' title="bbox 88 1955 981 2048; baseline 0.008 -26"><span class='ocrx_word' id='word_1_133' title='bbox 88 1955 258 2046; x_wconf 81' lang='lat' dir='ltr'>libertatis,</span> <span class='ocrx_word' id='word_1_134' title='bbox 281 1957 369 2048; x_wconf 80' lang='lat' dir='ltr'>qnod</span> <span class='ocrx_word' id='word_1_135' title='bbox 391 1957 501 2022; x_wconf 87' lang='lat' dir='ltr'>falsum</span> <span class='ocrx_word' id='word_1_136' title='bbox 519 1975 579 2024; x_wconf 87' lang='lat' dir='ltr'>est.</span> <span class='ocrx_word' id='word_1_137' title='bbox 597 1959 644 2022; x_wconf 87' lang='lat' dir='ltr'>Ea</span> <span class='ocrx_word' id='word_1_138' title='bbox 661 1959 816 2046; x_wconf 89' lang='lat' dir='ltr'>siquidem</span> <span class='ocrx_word' id='word_1_139' title='bbox 839 1963 981 2048; x_wconf 80' lang='lat' dir='ltr'>potentia</span> 
     </span>
     <span class='ocr_line' id='line_1_21' title="bbox 89 2045 1054 2134; baseline 0.009 -24"><span class='ocrx_word' id='word_1_140' title='bbox 89 2045 233 2111; x_wconf 84' lang='lat' dir='ltr'>deiectus</span> <span class='ocrx_word' id='word_1_141' title='bbox 249 2067 313 2124; x_wconf 88' lang='lat' dir='ltr'>est,</span> <span class='ocrx_word' id='word_1_142' title='bbox 338 2067 402 2112; x_wconf 87' lang='lat' dir='ltr'>non</span> <span class='ocrx_word' id='word_1_143' title='bbox 419 2045 571 2134; x_wconf 83' lang='lat' dir='ltr'>perfectio</span> <span class='ocrx_word' id='word_1_144' title='bbox 591 2045 754 2114; x_wconf 75' lang='lat' dir='ltr'>libertatis.</span> <span class='ocrx_word' id='word_1_145' title='bbox 777 2049 865 2115; x_wconf 86' lang='lat' dir='ltr'>Deus</span> <span class='ocrx_word' id='word_1_146' title='bbox 887 2054 982 2118; x_wconf 90' lang='lat' dir='ltr'>etiam</span> <span class='ocrx_word' id='word_1_147' title='bbox 1019 2121 1023 2134; x_wconf 60' lang='grc'><strong>,</strong></span> <span class='ocrx_word' id='word_1_148' title='bbox 1051 2089 1054 2100; x_wconf 65' lang='grc'><strong>«</strong></span> 
     </span>
     <span class='ocr_line' id='line_1_22' title="bbox 89 2136 982 2224; baseline 0.012 -27"><span class='ocrx_word' id='word_1_149' title='bbox 89 2157 263 2219; x_wconf 84' lang='lat' dir='ltr'>numquam</span> <span class='ocrx_word' id='word_1_150' title='bbox 285 2136 420 2202; x_wconf 83' lang='lat' dir='ltr'>deficere</span> <span class='ocrx_word' id='word_1_151' title='bbox 442 2152 498 2200; x_wconf 87' lang='lat' dir='ltr'>aut</span> <span class='ocrx_word' id='word_1_152' title='bbox 519 2157 654 2224; x_wconf 86' lang='lat' dir='ltr'>peecare</span> <span class='ocrx_word' id='word_1_153' title='bbox 674 2155 800 2224; x_wconf 86' lang='lat' dir='ltr'>potest,</span> <span class='ocrx_word' id='word_1_154' title='bbox 824 2156 982 2208; x_wconf 87' lang='lat' dir='ltr'>ettamen</span> 
     </span>
     <span class='ocr_line' id='line_1_23' title="bbox 90 2223 982 2312; baseline 0.004 -24"><span class='ocrx_word' id='word_1_155' title='bbox 90 2242 138 2288; x_wconf 86' lang='lat' dir='ltr'>est</span> <span class='ocrx_word' id='word_1_156' title='bbox 160 2224 341 2289; x_wconf 88' lang='lat' dir='ltr'>liberrimus.</span> <span class='ocrx_word' id='word_1_157' title='bbox 365 2223 454 2288; x_wconf 88' lang='lat' dir='ltr'>Idem</span> <span class='ocrx_word' id='word_1_158' title='bbox 474 2225 523 2289; x_wconf 85' lang='lat' dir='ltr'>dic</span> <span class='ocrx_word' id='word_1_159' title='bbox 547 2225 587 2290; x_wconf 87' lang='lat' dir='ltr'>de</span> <span class='ocrx_word' id='word_1_160' title='bbox 609 2225 725 2312; x_wconf 82' lang='lat' dir='ltr'>angelis</span> <span class='ocrx_word' id='word_1_161' title='bbox 741 2244 771 2290; x_wconf 93' lang='lat' dir='ltr'>et</span> <span class='ocrx_word' id='word_1_162' title='bbox 788 2225 899 2292; x_wconf 84' lang='lat' dir='ltr'>bearis.</span> <span class='ocrx_word' id='word_1_163' title='bbox 915 2229 982 2292; x_wconf 91' lang='lat' dir='ltr'>Er-</span> 
     </span>
     <span class='ocr_line' id='line_1_24' title="bbox 13 2311 983 2462; baseline 0.003 -89"><span class='ocrx_word' id='word_1_164' title='bbox 13 2319 19 2328; x_wconf 90' lang='grc'><em>“</em></span> <span class='ocrx_word' id='word_1_165' title='bbox 89 2331 153 2462; x_wconf 59' lang='lat' dir='ltr'>qo,</span> <span class='ocrx_word' id='word_1_166' title='bbox 172 2329 207 2376; x_wconf 89' lang='lat' dir='ltr'>ut</span> <span class='ocrx_word' id='word_1_167' title='bbox 223 2313 324 2400; x_wconf 86' lang='lat' dir='ltr'>probe</span> <span class='ocrx_word' id='word_1_168' title='bbox 339 2311 531 2400; x_wconf 83' lang='lat' dir='ltr'>intelligatur</span> <span class='ocrx_word' id='word_1_169' title='bbox 554 2311 701 2388; x_wconf 83' lang='lat' dir='ltr'>libertas,</span> <span class='ocrx_word' id='word_1_170' title='bbox 724 2318 898 2399; x_wconf 85' lang='lat' dir='ltr'>comparari</span> <span class='ocrx_word' id='word_1_171' title='bbox 921 2318 983 2383; x_wconf 76' lang='lat' dir='ltr'>de-</span> 
     </span>
    </p>

    <p class='ocr_par' dir='ltr' id='par_1_7' title="bbox 89 2401 1056 3113">
     <span class='ocr_line' id='line_1_25' title="bbox 115 2401 982 2492; baseline 0.008 -28"><span class='ocrx_word' id='word_1_172' title='bbox 115 2410 147 2464; x_wconf 86' lang='lat' dir='ltr'>e&#39;t</span> <span class='ocrx_word' id='word_1_173' title='bbox 166 2401 317 2488; x_wconf 83' lang='lat' dir='ltr'>porentia</span> <span class='ocrx_word' id='word_1_174' title='bbox 340 2403 450 2490; x_wconf 85' lang='lat' dir='ltr'>agendi</span> <span class='ocrx_word' id='word_1_175' title='bbox 474 2423 546 2473; x_wconf 86' lang='lat' dir='ltr'>curn</span> <span class='ocrx_word' id='word_1_176' title='bbox 575 2403 609 2464; x_wconf 89' lang='lat' dir='ltr'>iis</span> <span class='ocrx_word' id='word_1_177' title='bbox 634 2401 778 2480; x_wconf 86' lang='lat' dir='ltr'>actibus,</span> <span class='ocrx_word' id='word_1_178' title='bbox 804 2403 844 2467; x_wconf 89' lang='lat' dir='ltr'>de</span> <span class='ocrx_word' id='word_1_179' title='bbox 868 2406 982 2492; x_wconf 85' lang='lat' dir='ltr'>quibus</span> 
     </span>
     <span class='ocr_line' id='line_1_26' title="bbox 90 2489 1056 2580; baseline 0.011 -30"><span class='ocrx_word' id='word_1_180' title='bbox 90 2489 237 2574; x_wconf 85' lang='lat' dir='ltr'>quaestio</span> <span class='ocrx_word' id='word_1_181' title='bbox 254 2507 311 2554; x_wconf 83' lang='lat' dir='ltr'>est.</span> <span class='ocrx_word' id='word_1_182' title='bbox 326 2490 355 2554; x_wconf 91' lang='lat' dir='ltr'>Si</span> <span class='ocrx_word' id='word_1_183' title='bbox 373 2490 581 2579; x_wconf 85' lang='lat' dir='ltr'>adsitagendi</span> <span class='ocrx_word' id='word_1_184' title='bbox 597 2489 647 2568; x_wconf 80' lang='lat' dir='ltr'>vel</span> <span class='ocrx_word' id='word_1_185' title='bbox 662 2513 725 2556; x_wconf 87' lang='lat' dir='ltr'>non</span> <span class='ocrx_word' id='word_1_186' title='bbox 740 2491 852 2580; x_wconf 83' lang='lat' dir='ltr'>agendi</span> <span class='ocrx_word' id='word_1_187' title='bbox 869 2507 985 2579; x_wconf 86' lang='lat' dir='ltr'>poten·</span> <span class='ocrx_word' id='word_1_188' title='bbox 1051 2503 1056 2514; x_wconf 92' lang='lat'>&#39;</span> 
     </span>
     <span class='ocr_line' id='line_1_27' title="bbox 89 2575 986 2672; baseline 0.012 -34"><span class='ocrx_word' id='word_1_189' title='bbox 89 2575 147 2654; x_wconf 87' lang='lat' dir='ltr'>tia,</span> <span class='ocrx_word' id='word_1_190' title='bbox 161 2577 201 2641; x_wconf 91' lang='lat' dir='ltr'>ad</span> <span class='ocrx_word' id='word_1_191' title='bbox 211 2595 259 2643; x_wconf 89' lang='lat' dir='ltr'>est</span> <span class='ocrx_word' id='word_1_192' title='bbox 275 2577 412 2644; x_wconf 87' lang='lat' dir='ltr'>libertas.</span> <span class='ocrx_word' id='word_1_193' title='bbox 427 2579 456 2642; x_wconf 89' lang='lat' dir='ltr'>Si</span> <span class='ocrx_word' id='word_1_194' title='bbox 468 2579 551 2644; x_wconf 88' lang='lat' dir='ltr'>desit</span> <span class='ocrx_word' id='word_1_195' title='bbox 563 2580 615 2644; x_wconf 88' lang='lat' dir='ltr'>illa</span> <span class='ocrx_word' id='word_1_196' title='bbox 627 2583 780 2666; x_wconf 86' lang='lat' dir='ltr'>porentia,</span> <span class='ocrx_word' id='word_1_197' title='bbox 797 2581 885 2648; x_wconf 87' lang='lat' dir='ltr'>deest</span> <span class='ocrx_word' id='word_1_198' title='bbox 904 2607 986 2672; x_wconf 90' lang='lat' dir='ltr'>quo-</span> 
     </span>
     <span class='ocr_line' id='line_1_28' title="bbox 90 2665 985 2752; baseline 0.011 -24"><span class='ocrx_word' id='word_1_199' title='bbox 90 2686 154 2752; x_wconf 90' lang='lat' dir='ltr'>que</span> <span class='ocrx_word' id='word_1_200' title='bbox 169 2665 295 2730; x_wconf 86' lang='lat' dir='ltr'>libertas</span> <span class='ocrx_word' id='word_1_201' title='bbox 310 2667 405 2731; x_wconf 87' lang='lat' dir='ltr'>relate</span> <span class='ocrx_word' id='word_1_202' title='bbox 418 2667 459 2732; x_wconf 90' lang='lat' dir='ltr'>ad</span> <span class='ocrx_word' id='word_1_203' title='bbox 474 2668 568 2734; x_wconf 89' lang='lat' dir='ltr'>talem</span> <span class='ocrx_word' id='word_1_204' title='bbox 589 2687 705 2732; x_wconf 89' lang='lat' dir='ltr'>actum.</span> <span class='ocrx_word' id='word_1_205' title='bbox 725 2672 807 2736; x_wconf 90' lang='lat' dir='ltr'>Nanr</span> <span class='ocrx_word' id='word_1_206' title='bbox 825 2673 865 2736; x_wconf 88' lang='lat' dir='ltr'>ad</span> <span class='ocrx_word' id='word_1_207' title='bbox 883 2673 985 2740; x_wconf 86' lang='lat' dir='ltr'>iiber·-</span> 
     </span>
     <span class='ocr_line' id='line_1_29' title="bbox 89 2753 985 2833; baseline 0.011 -17"><span class='ocrx_word' id='word_1_208' title='bbox 89 2771 189 2819; x_wconf 86' lang='lat' dir='ltr'>tatem</span> <span class='ocrx_word' id='word_1_209' title='bbox 212 2773 246 2818; x_wconf 91' lang='lat' dir='ltr'>ut</span> <span class='ocrx_word' id='word_1_210' title='bbox 268 2753 423 2822; x_wconf 84' lang='lat' dir='ltr'>sufficiens</span> <span class='ocrx_word' id='word_1_211' title='bbox 448 2758 486 2820; x_wconf 87' lang='lat' dir='ltr'>sit</span> <span class='ocrx_word' id='word_1_212' title='bbox 501 2803 509 2833; x_wconf 90' lang='lat'><strong>‚</strong></span> <span class='ocrx_word' id='word_1_213' title='bbox 524 2760 696 2822; x_wconf 84' lang='lat' dir='ltr'>necessaria</span> <span class='ocrx_word' id='word_1_214' title='bbox 714 2776 760 2824; x_wconf 87' lang='lat' dir='ltr'>est</span> <span class='ocrx_word' id='word_1_215' title='bbox 776 2759 985 2828; x_wconf 78' lang='lat' dir='ltr'>indifferentia</span> 
     </span>
     <span class='ocr_line' id='line_1_30' title="bbox 91 2844 986 2930; baseline 0.007 -24"><span class='ocrx_word' id='word_1_216' title='bbox 91 2844 373 2921; x_wconf 82' lang='lat' dir='ltr'>contradictionis,</span> <span class='ocrx_word' id='word_1_217' title='bbox 396 2865 476 2930; x_wconf 89' lang='lat' dir='ltr'>quae</span> <span class='ocrx_word' id='word_1_218' title='bbox 491 2845 583 2909; x_wconf 85' lang='lat' dir='ltr'>etiam</span> <span class='ocrx_word' id='word_1_219' title='bbox 596 2844 711 2910; x_wconf 89' lang='lat' dir='ltr'>dicitur</span> <span class='ocrx_word' id='word_1_220' title='bbox 728 2848 878 2912; x_wconf 86' lang='lat' dir='ltr'>exercitii.</span> <span class='ocrx_word' id='word_1_221' title='bbox 892 2851 986 2914; x_wconf 89' lang='lat' dir='ltr'>Tunc</span> 
     </span>
     <span class='ocr_line' id='line_1_31' title="bbox 92 2930 985 3022; baseline 0.003 -25"><span class='ocrx_word' id='word_1_222' title='bbox 92 2930 176 2997; x_wconf 88' lang='lat' dir='ltr'>enim</span> <span class='ocrx_word' id='word_1_223' title='bbox 190 2931 320 2996; x_wconf 79' lang='lat' dir='ltr'>liberum</span> <span class='ocrx_word' id='word_1_224' title='bbox 336 2931 497 2996; x_wconf 84' lang='lat' dir='ltr'>arbitrium</span> <span class='ocrx_word' id='word_1_225' title='bbox 508 2932 690 3020; x_wconf 87' lang='lat' dir='ltr'>concipitur</span> <span class='ocrx_word' id='word_1_226' title='bbox 705 2934 735 2998; x_wconf 90' lang='lat' dir='ltr'>in</span> <span class='ocrx_word' id='word_1_227' title='bbox 751 2934 872 3018; x_wconf 88' lang='lat' dir='ltr'>aliquo,</span> <span class='ocrx_word' id='word_1_228' title='bbox 887 2956 985 3022; x_wconf 89' lang='lat' dir='ltr'>quum</span> 
     </span>
     <span class='ocr_line' id='line_1_32' title="bbox 90 3017 985 3113; baseline 0.01 -33"><span class='ocrx_word' id='word_1_229' title='bbox 90 3019 156 3082; x_wconf 81' lang='lat' dir='ltr'>nim</span> <span class='ocrx_word' id='word_1_230' title='bbox 179 3017 272 3084; x_wconf 87' lang='lat' dir='ltr'>babet</span> <span class='ocrx_word' id='word_1_231' title='bbox 295 3019 461 3085; x_wconf 83' lang='lat' dir='ltr'>electivam</span> <span class='ocrx_word' id='word_1_232' title='bbox 483 3041 539 3085; x_wconf 89' lang='lat' dir='ltr'>seu</span> <span class='ocrx_word' id='word_1_233' title='bbox 564 3038 759 3109; x_wconf 86' lang='lat' dir='ltr'>potestatem</span> <span class='ocrx_word' id='word_1_234' title='bbox 782 3023 814 3085; x_wconf 87' lang='lat' dir='ltr'>in</span> <span class='ocrx_word' id='word_1_235' title='bbox 836 3026 985 3113; x_wconf 88' lang='lat' dir='ltr'>proprios</span> 
     </span>
    </p>
   </div>
   <div class='ocr_carea' id='block_1_6' title="bbox 0 0 1152 3416">
    <p class='ocr_par' dir='ltr' id='par_1_8' title="bbox 0 0 1152 3416">
     <span class='ocr_line' id='line_1_33' title="bbox 0 0 1152 3416; baseline 0 0"><span class='ocrx_word' id='word_1_236' title='bbox 0 0 1152 3416; x_wconf 95' lang='lat' dir='ltr'> </span> 
     </span>
    </p>
   </div>
  </div>
 </body>
</html>
