2258 3428
253 180 337 228 ms
355 179 384 226 1.
405 175 564 226 tociens.
582 177 656 226 car.
676 179 717 228 11.
859 167 899 256 65

58 255 173 344 logica
195 251 361 317 artificialis
384 249 501 314 docens
521 245 663 336 ,quibus
687 247 832 320 notiones
851 255 906 322 in.

61 343 251 428 complexae
269 335 478 426 respondent.
493 336 647 403 Terminis
664 363 742 407 vero
757 346 906 431 comple.

60 429 113 498 xie
143 431 439 520 significantur-rea
472 445 545 490 cum
582 427 647 491 aliis
679 429 832 498 adiunctis
863 431 907 501 ad

63 545 128 586 rem
151 521 256 608 ipsam
287 513 463 583 necessario
491 535 554 579 non
581 516 838 602 pertinentibus,
868 541 905 590 ut

66 631 160 697 quum
186 607 306 672 dieitur
332 602 525 692 triangulum
553 603 675 672 circulo
701 609 905 699 inscriptum,

65 697 165 764 homo
183 698 311 762 doctus.
819 727 821 732 ·
843 723 852 752 ·.

100 787 178 857 VI.
226 781 322 850 ldeae
342 780 471 847 alicuius
498 796 602 866 partes
627 784 678 848 vel
703 785 804 852 eidem
820 786 903 854 sub·

56 877 143 943 iecto
174 875 266 938 simul
294 873 393 938 inesse
420 887 584 954 possunt,
611 871 662 936 vel
695 889 801 960 partes
835 877 903 944 illae

55 965 152 1030 simul
188 965 220 1026 in
244 961 359 1028 eodem
385 959 531 1024 subiecto
559 957 695 1026 existere
735 982 903 1054 repugnat.

56 1053 100 1119 In
121 1052 235 1140 ptimo
254 1070 330 1113 casu
350 1050 439 1112 notio
460 1047 523 1110 sive
540 1047 608 1110 idea
624 1070 703 1117 vera
716 1049 831 1116 dicitur
849 1078 859 1132 ς
874 1057 905 1122 in

55 1143 169 1208 altero
197 1159 270 1202 casu
291 1134 404 1218 falsa.
438 1132 540 1220 Igitur
566 1135 637 1202 idea
668 1159 747 1204 vera
771 1141 900 1221 dicitur,

87 1253 152 1295 uae
166 1230 288 1294 obiecto
310 1247 368 1291 suo
393 1221 566 1304 conformis
586 1240 637 1288 est
647 1247 664 1302 ,·
693 1249 782 1294 secus
795 1249 903 1298 autem

46 1250 169 1404 βαΐα.
186 1317 288 1382 Porro
313 1313 353 1378 ad
381 1313 549 1378 veritatem
571 1311 659 1380 ideae
696 1338 823 1384 necesse
839 1343 905 1388 non

59 1423 134 1485 est,
159 1423 194 1471 ut
215 1405 378 1472 obiectum
405 1400 471 1466 eiua
491 1419 581 1465 extra
607 1420 744 1469 mentem
773 1408 900 1486 existam

60 1497 196 1584 (potest
222 1497 307 1560 enim
321 1493 478 1580 obiectum
492 1488 589 1554 ideae
605 1493 638 1554 in
655 1507 759 1556 mente
775 1509 906 1560 tantum
963 1508 969 1518 '

61 1600 203 1648 exstare
215 1625 224 1658 ‚
234 1597 270 1646 ut
287 1584 320 1647 in
332 1577 417 1646 ideis
429 1576 767 1662 mathematicorum.)
784 1579 834 1644 Ita
847 1605 909 1650 ve.

62 1691 101 1735 ra
137 1685 185 1736 est
211 1669 282 1734 idea
307 1665 480 1753 trianguli,
517 1666 635 1730 etiamsi
667 1667 789 1731 nullum
816 1672 907 1738 exit.

66 1773 155 1822 teret
171 1757 320 1822 interum
346 1772 454 1820 natura
470 1751 660 1841 triangulum
675 1781 683 1822 a
710 1759 784 1822 satis
812 1781 906 1826 nem-

6 1843 9 1848 ’
67 1865 111 1932 pe
128 1862 177 1912 est
203 1863 239 1910 ut
259 1844 348 1910 ideae
371 1843 503 1908 alicuius
529 1860 634 1928 partes
659 1867 691 1911 se
714 1863 826 1914 mutuo
842 1871 907 1918 non

64 1933 251 2001 excludant.
272 1931 387 2022 Itaque
404 1931 477 1996 idea
499 1951 576 1996 veta
595 1933 655 1998 dici
673 1955 805 2021 potest,·
823 1961 908 2026 quae

63 2041 113 2089 est
129 2021 289 2111 possibilis
301 2070 314 2110 ,
328 2021 406 2085 falsa
434 2035 539 2084 autem
558 2066 568 2096 ,
587 2041 667 2104 quae
696 2024 907 2108 impossibilis.

61 2112 155 2176 Hinc
184 2110 295 2199 paucis
318 2105 633 2198 verbiskabsolvitut
661 2114 805 2194 quaestio
821 2135 839 2178 a
855 2117 914 2180 lo-.

61 2200 142 2290 gicis
170 2201 305 2288 agitata,
321 2201 433 2266 utrum
452 2196 570 2264 seilicet
589 2197 678 2265 ideae
692 2219 826 2288 capaces
847 2205 911 2271 tint

62 2290 209 2358 veritatis
224 2304 256 2356 et
269 2283 423 2354 falsitatis.
748 2323 750 2335 ι
871 2329 873 2336 ·

227 2432 230 2441 '
289 2515 296 2563 ψ.
319 2431 601 2534 airicvivs
625 2460 671 2530 11.

177 2638 233 2708 De
249 2639 427 2710 materiali
446 2637 597 2710 idearum
611 2621 813 2731 dfferentia,

491 2813 521 2882 1.
593 2873 598 2882 .
906 2873 910 2880 .

81 2839 119 2973 S
117 2927 152 3061 1ιῆ
157 2902 200 2972 ad
213 2905 458 3059 thceptionnm
473 2921 652 3055 nostrarutltit
667 2902 918 2975 obiectantem..

146 3017 210 3062 om.
257 3041 268 3060 .
315 3048 318 3053 .
682 3045 683 3048 η
