2246 3412
261 123 349 177 aaut
366 121 410 175 11.
424 115 579 176 utristi.
594 119 676 175 aar:
689 123 742 175 rr.
810 185 814 196 .
875 125 943 200 237

27 193 244 264 matteras
257 219 272 275 ;
289 203 382 287 ipsae
409 197 727 289 qnippevsiantates
754 195 789 262 in
814 215 944 266 caum·
1008 265 1011 274 ,

6 277 9 322 ⁸
29 307 113 350 rum
128 285 241 352 ordine
262 302 346 352 sant.
375 287 417 352 Et
433 289 559 374 quidem
577 304 686 352 causas
703 284 837 364 liberas,
854 288 945 356 salta

28 373 204 452 libertate,
221 377 361 464 colligari
374 376 453 442 inter
471 399 504 441 se
518 397 612 462 posse
620 374 791 460 ,exemplo
804 373 943 442 illustrat

6 459 11 500 ¹
31 461 63 525 ri
84 463 316 549 potest..Patet
333 465 430 529 hlium
448 465 551 530 bonae
565 463 740 548 docilisque
756 462 870 528 indolis
883 482 943 551 pa«

6 552 11 590 l
29 548 268 616 ternoatlfecrts
279 554 414 618 minatur
424 596 434 631 ,
444 552 588 618 hortatur
598 577 606 616 t
618 554 714 640 patris
725 546 943 618 comminatio·

6 639 12 680 ’·’
33 657 112 717 nes,
132 637 327 706 hortationes
344 643 517 706 voluntatis
542 639 836 719 determinationem
849 643 879 704 in
897 643 944 708 fi·

6 739 11 770 ’ν
33 727 86 791 lio
100 727 271 794 liberaliter
286 730 429 794 instituto
446 723 622 817 producent
639 725 846 808 infalibiliter,
873 749 943 796 nora

6 825 8 858 ³
35 835 148 882 tamen
164 817 351 882 necessario.
379 815 522 904 Ideoque
540 837 652 882 causae
663 816 780 883 liberae
792 820 822 880 in
846 819 942 887 allam
993 837 997 846 ·

6 913 175 998 lcausam
195 903 323 970 liberam
353 907 489 971 influxus
514 907 574 972 erit
601 899 729 994 quidem
756 901 940 988 infallibilis,

6 1003 8 1036 ³
36 994 167 1058 minime
188 1009 292 1058 tamen
317 996 520 1060 necessarius.
548 994 668 1082 Neque
694 993 774 1059 enim
790 994 940 1070 ,influxus

6 1093 10 1128 ⁵
35 1103 154 1146 causae
170 1081 326 1171 physicae
348 1085 378 1147 in
392 1103 516 1150 causam
529 1081 658 1148 liberam
676 1079 852 1147 libertatem
868 1083 941 1146 tol·-

6 1211 7 1214 =
34 1170 90 1234 lit.
106 1169 232 1235 Etenim
247 1172 278 1236 in
294 1173 412 1238 mundo
427 1170 581 1237 materiali
596 1171 783 1258 contingunt
806 1167 941 1238 effectus
1024 1249 1028 1258 Ι

6 1271 9 1308 t
35 1256 191 1346 physici,
208 1281 248 1325 ex
264 1259 381 1348 quibus
395 1253 565 1326 nascuntur
577 1259 607 1322 in
624 1260 724 1324 causis
740 1258 845 1324 libetis
861 1279 940 1325 sen·

6 1361 8 1394 ³
37 1349 195 1425 sationes,
211 1371 250 1414 ex
265 1350 492 1430 sensationibus
506 1349 644 1414 actiones
653 1368 664 1426 ;
679 1345 734 1412 sed
747 1347 886 1414 actiones
899 1349 940 1413 il·

39 1437 111 1512 lae,
131 1435 204 1500 licet
227 1432 428 1504 infallibiliter
451 1438 657 1526 contingant,
681 1435 804 1501 minime
830 1429 940 1506 tamesi

38 1525 216 1589 necessario
232 1525 322 1591 fiunt.
349 1523 463 1612 Itaque
479 1541 588 1616 patet,
615 1524 697 1592 hanc
723 1519 938 1592 obiectionem

38 1611 167 1678 divinae
181 1613 411 1701 praescientiae
425 1632 458 1682 et
470 1612 691 1702 providentiae
704 1632 770 1678 esse
786 1626 938 1679 commu-t

38 1717 135 1781 nem,
161 1723 198 1765 ac
233 1703 370 1787 proinde
398 1719 429 1768 et
455 1723 654 1768 communem
684 1702 938 1788 responsionem«

37 1789 202 1856 Accusate
217 1790 434 1882 distinguenda
449 1791 712 1875 estfuturitiom's
728 1789 938 1862 infallibilitat

37 1876 83 1942 ab
112 1879 177 1964 ipsa
203 1886 401 1960 necessitate.
643 1907 645 1912 ·

107 1967 278 2051 Obiecta.
306 1969 498 2046 Aisardam
524 1982 573 2036 est
588 1967 639 2036 ad
658 1967 715 2035 loe
738 1967 811 2036 Da·
822 1965 937 2036 aedua·
1007 1983 1009 1992 ’

38 2074 114 2121 cere
128 2059 356 2138 maiestatem,
385 2073 422 2124 ut
447 2062 532 2126 sciat
541 2079 605 2147 pet
615 2056 748 2148 singula
760 2075 935 2140 momenta,

37 2156 119 2230 quot
147 2160 327 2212 nascuntur
353 2143 493 2227 culices,
521 2162 634 2236 quotve
666 2150 866 2226 moriantur,
897 2165 937 2216 ut

38 2229 186 2317 loquitur·
202 2233 241 2314 ⁴S.
267 2233 457 2326 Hieronym.
484 2235 528 2299 Et
552 2233 743 2322 paumquid
766 2233 808 2300 de
831 2237 936 2302 habas

39 2341 123 2385 cura
138 2336 187 2385 est
202 2319 276 2388 Deo
291 2347 301 2387 a
323 2322 367 2389 ait
381 2325 557 2412 Apostolus
570 2346 579 2401 3
596 2335 672 2410 ergo
687 2322 796 2388 saltem
819 2323 934 2409 provi·

38 2406 147 2472 clentia
163 2409 268 2476 divina
283 2410 324 2476 ad
338 2435 391 2490 ea,
406 2435 486 2500 qnae
498 2409 618 2479 abiecta
633 2427 666 2477 et
681 2409 754 2474 vilia
770 2429 860 2488 sunt,
878 2433 934 2478 se÷

38 2515 74 2561 se
90 2517 153 2561 non
169 2500 322 2565 extendit.
351 2501 449 2590 Resp.
471 2501 546 2568 dist.
563 2516 627 2566 ant.
643 2519 812 2566 resumant
825 2501 934 2567 minu-¹
1020 2513 1022 2519 '

36 2601 162 2674 taram,
189 2607 241 2651 aut
264 2609 343 2672 quas
358 2590 495 2658 abiectas
512 2609 697 2667 censemus,
726 2589 867 2677 cognitio
899 2609 934 2660 et

38 2693 116 2738 cura
140 2674 213 2742 Deo
241 2677 406 2744 tribuenda
430 2701 495 2744 non
518 2684 566 2745 est
583 2699 656 2742 com
679 2681 876 2744 successione
898 2697 933 2748 et

38 2767 231 2842 anxietate,
259 2765 297 2830 C.
323 2787 396 2832 cum
416 2765 685 2833 immutabilitate
709 2783 742 2831 et
765 2769 934 2856 tranquil-¹

38 2849 162 2927 litata,
190 2853 237 2917 N.
254 2871 320 2920 ant.
337 2873 370 2922 et
384 2877 474 2924 cons.
489 2855 589 2922 Nulla
605 2872 653 2919 est
667 2853 811 2942 igitnr'in
829 2857 934 2926 divina

38 2940 221 3028 cognitione
245 2943 463 3010 successioet
483 2945 569 3009 nulla
593 2943 624 3006 in
647 2943 708 3008 Dei
733 2946 933 3028 providentia

32 3028 194 3108 anxietas.
210 3025 322 3104 Sedab
332 3051 462 3102 aeterno
477 3033 566 3108 Deus
580 3033 685 3098 omnia
700 3031 935 3114 immutabilitet
972 3109 974 3114 ,
