2300 3506
296 183 460 232 touton
485 181 748 234 ostentent.
893 185 935 256 35

100 247 255 322 sollertes
281 253 410 341 proprie
434 252 559 319 dicitur.
583 252 756 319 Facultaris
779 254 935 341 appetiti-

102 361 161 406 rae
176 340 254 407 duae
268 362 372 428 partes
390 363 495 406 rursus
510 342 746 429 distinguuntur
763 388 773 422 ,
788 343 934 412 nimirum

103 425 237 508 irrferr'or
251 476 261 509 ,
275 451 327 496 seu
352 434 523 518 ¹apperitus
545 433 746 511 sensitiarre,
772 449 805 498 et
833 453 938 522 tupe-

105 521 236 584 rr'urseu
260 523 429 608 appetitus
444 517 629 584 rationalis.
646 519 736 584 Prior
759 537 806 584 est
818 517 936 600 facul·

102 621 157 670 ras
198 605 325 672 uliiecta
358 605 542 694 appetendi
576 603 630 672 orl
662 607 865 686 aversandi,
891 631 934 674 err

99 697 228 760 arcione
254 697 328 760 bosri
345 693 398 760 uel
424 691 508 759 moli
525 692 663 773 confusa
681 719 759 772 ‚serr
782 719 840 782 per
856 718 935 761 terr-

97 805 157 846 sus
174 798 207 845 et
216 804 278 869 per
293 786 450 870 imagines
463 780 635 846 sensibiles
652 785 935 872 adquisita-,Pos-

99 869 203 943 terior
232 888 284 936 est
300 868 458 950 facultas
481 871 657 958 appetendi
681 871 732 937 uel
759 871 941 938 aversandi

97 959 242 1036 obiecta,
252 982 296 1022 ex
306 962 432 1022 notione
439 955 596 1022 distincta
607 961 683 1026 burri
691 957 743 1026 uei
755 958 857 1036 main
870 961 936 1026 sive

95 1065 152 1112 est
157 1044 321 1125 facultas
344 1043 523 1132 appetendi
535 1043 585 1109 uei
599 1047 777 1114 aversandi
798 1049 935 1126 obiecta,

96 1149 205 1221 prum
229 1135 273 1198 ab
296 1131 465 1200 intellectu
513 1139 655 1219 roposira
682 1153 754 1202 reete
769 1151 940 1222 tamquam

104 1222 189 1288 buna
203 1220 256 1288 vel
269 1219 360 1287 mala
370 1269 380 1300 ,
395 1242 427 1288 et
439 1245 474 1287 vo
491 1237 588 1288 ueras
605 1228 731 1311 proprie
747 1225 937 1311 appellatur.

149 1307 195 1374 II.
244 1311 421 1376 Facultatis
460 1312 691 1399 cognoscitivae
737 1313 935 1400 operationes

103 1399 297 1488 praecipuae
321 1418 417 1465 suutr
438 1402 603 1478 tentatio,
628 1403 820 1486 imaginatio
835 1399 940 1466 inrel-

104 1485 201 1554 iectr'o
220 1493 416 1565 ,nemerim
437 1491 598 1563 attentio,
614 1486 772 1575 reflexio,
788 1491 941 1552 abstrac-

107 1577 153 1638 ra'u
174 1621 183 1653 ,
206 1575 356 1643 idearum
376 1575 534 1657 formatio
545 1622 556 1652 ,
580 1579 736 1640 iuditium
753 1617 763 1651 ,
778 1590 810 1637 et
833 1577 943 1640 ratio·

112 1665 267 1741 uinario,
299 1665 341 1728 de
366 1665 480 1748 quibus
504 1663 631 1748 siugulis
659 1662 808 1728 breviter.

156 1745 222 1812 111.
268 1751 362 1815 Seusu
389 1771 518 1818 externo
541 1753 733 1838 percipimus
761 1771 808 1814 res
835 1767 943 1817 ester·

115 1857 170 1900 uas
181 1883 193 1916 ,
212 1856 293 1924 quae
307 1861 420 1927 organa
443 1855 550 1902 nostru
566 1842 703 1904 sensoria
721 1835 873 1905 afficiunt.
891 1842 944 1905 A·

76 1953 78 1955 ·
111 1923 196 1992 trima
220 1929 312 1993 etiam
341 1928 399 1994 sibi
425 1927 480 2016 ipsi
496 1927 623 1990 conscia
640 1947 685 1992 est
709 1949 817 1994 eorum
834 1977 845 2007 ,
860 1949 943 2015 quae

109 2014 193 2079 intus
217 2014 247 2079 in
273 2018 376 2102 seipsa
403 2016 616 2102 contingunt,
643 2019 755 2080 sinon
787 2017 943 2094 omnium,

112 2103 224 2167 saltem
253 2103 494 2191 quorumdam,
523 2121 620 2186 arque
644 2107 732 2167 sicet
755 2104 885 2187 seipsam
911 2123 944 2169 et

113 2210 184 2254 suas
208 2195 405 2275 operationes
423 2211 512 2257 seusu
536 2194 676 2277 quodam
693 2193 815 2256 interno
836 2191 946 2278 perci-

110 2279 171 2366 pit.
190 2274 242 2342 Εει
263 2300 367 2345 auteur
393 2297 443 2346 est
468 2279 679 2342 sensationum
709 2281 786 2354 lex,
811 2299 846 2342 ur
864 2301 947 2364 quo-

84 2367 86 2376 ’
108 2370 167 2432 ties
188 2365 228 2430 ab
255 2369 386 2436 obiecto
400 2365 535 2432 sensibili
551 2369 686 2431 mutatio
701 2364 856 2452 quaedam
870 2387 947 2452 pro·

110 2454 240 2520 ducitur
255 2459 285 2521 in
302 2478 424 2546 organo
441 2455 582 2518 sensorio¹
597 2458 655 2520 tite
670 2454 867 2530 constituto,
892 2473 948 2518 ro-

112 2545 171 2606 ties
195 2545 352 2609 inanima
376 2545 498 2607 oriatur
514 2544 646 2606 seusario
670 2543 823 2628 quaedam
843 2545 946 2626 parti-

112 2631 226 2694 cularis
256 2632 332 2698 huic
363 2631 531 2706 mutationi
554 2629 744 2718 respondeus
765 2665 774 2704 t
804 2647 834 2696 et
855 2653 955 2698 versa

112 2720 208 2792 rice,
232 2723 361 2806 quoties
374 2721 507 2784 mutatio
533 2721 562 2781 ir
580 2739 703 2809 otgario
729 2720 871 2782 sensorio
889 2723 946 2784 tire

110 2805 317 2872 conformato
342 2809 449 2873 eadem
464 2825 539 2885 est,
564 2811 663 2873 toties
694 2807 803 2875 eadem
818 2825 948 2895 quoque

113 2897 253 2964 teusatie
278 2897 433 2966 excitetur
449 2897 480 2962 iu
498 2897 629 3046 animab
935 2927 937 2934 ·

647 3001 665 3044 2
