2298 3418
252 176 342 226 rans·
364 175 421 224 atr.
445 173 608 224 suntuna.
630 173 709 226 nae.
739 177 781 227 tt.
872 161 947 257 apr

65 249 148 316 bars
170 251 275 340 prims
294 263 472 316 estractus
498 247 596 315 albat
620 251 710 326 erit,
731 265 769 316 ut
796 264 827 316 t.
846 251 887 318 ad
902 275 935 342 3.

64 339 172 404 Sunt
189 339 270 405 enim
290 338 436 426 quinque
454 355 557 401 ,catut
579 337 764 425 possibiles,
794 359 833 406 ex
858 343 936 430 qui·

63 425 148 490 bus
172 449 253 494 unus
279 427 431 506 eveniet,
459 443 490 491 et
516 426 583 492 duo
606 445 681 493 sunt
704 441 828 493 tantum
850 449 936 518 pos-

68 515 219 598 sibiles,
242 515 336 604 quod
362 514 404 580 ad
433 516 663 581 attractionem
690 517 812 602 globuli
845 519 875 581 ni
899 519 935 586 ris

66 600 199 694 Iraque
220 605 268 672 ad
299 604 575 692 determinandam
600 603 841 690 possibilitatem
869 537 896 670 ξ

68 691 227 759 iusmodi
245 741 257 774 ,
272 713 384 758 omues
406 713 498 758 casus
514 690 683 782 possibiles
697 697 795 782 etqui
810 715 935 786 aequa-⁶

70 781 96 845 li
125 781 283 848 facilitate
304 783 487 872 contingere
503 795 641 870 possunt
658 825 668 860 ,
685 786 859 850 enumerari
873 785 937 854 de·

70 868 195 952 bent,
219 871 305 936 inter
323 889 403 955 quos
428 889 560 938 eventus
586 871 798 956 propositus,
821 873 863 938 tle
878 893 937 940 cn·

73 958 138 1024 ius
162 958 390 1048 probabilitate
411 960 541 1048 agitur,
566 961 742 1024 necessario
770 958 936 1030 habeatur.

13 1064 14 1074 ¹
72 1047 136 1113 Et
153 1047 359 1135 probabilitas
388 1067 421 1113 se
448 1046 546 1114 habet
567 1049 607 1112 ad
626 1047 847 1115 certitudinem
869 1097 878 1130 ,
899 1065 938 1120 ut

77 1157 249 1202 numerus
272 1157 398 1202 casuum
410 1183 421 1215 ,
448 1137 479 1202 in
509 1135 628 1224 quibus
650 1137 779 1226 singulis
802 1154 937 1207 eventus

74 1227 279 1323 propositus
297 1227 406 1291 lucum
430 1223 548 1304 habet,
564 1223 605 1290 ad
628 1245 738 1292 ornnes
753 1247 845 1294 casus
860 1250 938 1318 pos·

76 1313 206 1381 sibiles.
224 1315 263 1380 Ε.
277 1337 308 1404 g.
321 1313 485 1402 quaeritur
500 1313 616 1402 gradus
630 1313 862 1400 probabilitatis
875 1363 887 1397 ‚
901 1329 939 1386 ut

78 1403 192 1492 prims
219 1404 288 1469 vice
311 1399 444 1467 duabus
473 1405 597 1470 tesseris
628 1403 738 1468 datum
761 1406 938 1492 quemlibet

79 1511 287 1582 punctorum
305 1503 473 1558 numerum
490 1493 559 1578 quis
574 1489 687 1568 laniate
703 1491 735 1554 in
751 1489 837 1558 iactu
852 1493 939 1560 ‹lua-

82 1603 158 1648 rum
188 1599 381 1648 tesserarum
408 1579 524 1646 dautur
549 1597 640 1644 casus
663 1575 718 1668 36.
741 1597 840 1667 aeque
863 1580 941 1646 faci·

81 1669 142 1738 les.
172 1671 263 1736 Nam
285 1668 417 1758 singulis
446 1689 486 1736 ert
508 1689 563 1734 sex
591 1667 819 1754 superficiebus
843 1669 937 1736 nulus

84 1776 230 1826 tesserae
254 1758 448 1847 respondere
465 1755 566 1824 deber
588 1777 798 1845 unaquaeque
823 1779 862 1826 ex
881 1771 956 1826 sex'

83 1846 319 1936 superficiebus
330 1847 470 1922 alterium
487 1865 587 1932 quum
600 1865 809 1936 unaquaeque
824 1871 865 1916 ex
880 1868 938 1916 sex

84 1935 235 2004 faciebus
251 1935 392 2002 tesserae
413 1934 623 2010 nniussexies
647 1935 820 2002 combinari
838 1941 940 2026 possit

84 2047 164 2093 cum
193 2044 386 2114 unaquaque
406 2045 448 2090 ex
481 2045 538 2090 sex
567 2021 708 2090 faciebus
735 2041 871 2093 tesserae
887 2027 940 2092 al-

84 2117 204 2182 terius.
226 2112 294 2179 Iam
318 2135 395 2180 vero
410 2112 487 2180 dato
503 2111 720 2179 iaciendorum
742 2130 937 2198 punctorum

86 2223 228 2269 numero
243 2247 253 2282 ,
270 2203 401 2270 inveniri
416 2201 536 2267 debent
552 2199 716 2290 possibiles
740 2213 852 2269 omues
869 2205 939 2267 iac-

88 2307 184 2356 tuum
208 2309 334 2370 casus,
363 2289 452 2379 quod
503 2311 544 2355 ua
581 2288 703 2355 ratione
732 2287 797 2357 fieri
827 2292 942 2380 possit,-

27 2429 29 2434 ι
87 2377 299 2448 manifestum
325 2395 433 2446 estex
455 2313 559 2444 rubeta
589 2391 756 2466 sequente.
842 2409 846 2424 ·
