2246 3412
277 133 363 182 PARS
385 131 415 182 11
440 130 595 184 dmm«
615 131 692 182 GM·
710 130 763 180 11.
908 124 975 200 'NJ

44 201 194 290 ‘quoad
209 205 347 281 morale.
365 225 421 272 seu
436 219 564 291 sumpta
585 203 763 270 secundum
784 196 981 269 difformita·
1037 279 1039 287 Α

67 306 168 372 tem,
186 313 279 378 quam
294 292 390 360 habet
406 313 478 358 cum
496 294 582 381 lege,
600 309 766 382 peccatum
784 309 843 357 est.
857 287 982 356 Eadem

70 383 186 458 actio,
216 380 322 466 quoad
343 381 543 472 physicum,
575 401 629 448 seu
654 397 781 468 sumpta
804 376 981 446 secundum

70 488 171 542 suam
184 468 348 538 entitatem
360 475 533 559 praecise,
550 491 614 536 non
632 486 681 534 est
698 484 877 556 peccatum.
899 463 983 532 Dis-'-

74 553 227 622 formiter
245 559 297 624 illa
312 581 385 624 curn
400 559 469 647 iege
484 579 547 624 non
564 576 611 626 est
631 557 753 624 realiras
770 556 873 642 aliqua
890 555 984 642 posi÷

71 645 169 727 tiva,
187 646 244 721 sed
262 646 398 734 privatio
415 646 565 713 realitatis
582 667 635 712 seu
654 645 869 728 perfectionis.
892 643 983 710 Deus

73 753 190 802 autem
213 755 279 798 non
304 755 412 824 potest
434 757 503 804 esse
523 757 617 802 musa
637 732 772 802 efficiens
795 732 982 822 privationis

58 845 142 908 ,seu
162 845 226 890 non
253 827 334 892 entis
344 870 355 903 ‚
370 847 437 892 uec
453 826 545 902 eriam
559 844 655 892 causa
674 839 721 890 est
740 822 884 896 efficiens
898 821 983 892 maii·

79 911 162 978 Hoc
176 912 207 976 in
222 912 329 980 Deum
345 915 457 982 cadere
470 935 534 978 non
552 928 678 1000 potest,
696 910 751 978 red
771 915 802 976 in
824 913 981 980 volunta-

75 1015 149 1068 tem
168 1017 355 1080 creaturae,
375 1023 458 1090 quae
479 1002 583 1070 deficit
609 1025 627 1068 a
649 1019 750 1068 recto.
776 999 864 1092 Ergo
882 1020 982 1084 quum

1 1105 2 1108 ’
85 1089 179 1156 Deus
203 1113 261 1177 per
275 1089 442 1182 physicam
458 1092 707 1179 praenotionem
724 1109 788 1154 non
806 1090 905 1175 posuit
925 1089 983 1154 niti
1078 1158 1083 1170 1

86 1177 206 1266 aliquid
221 1179 390 1269 physicum
406 1196 437 1246 et
453 1181 535 1247 reale
549 1179 748 1266 producere,
763 1199 826 1244 non
838 1173 983 1256 nihilum3
1080 1229 1082 1233 .

1 1280 4 1292 '
84 1265 160 1355 quia
172 1268 256 1332 actio
270 1265 403 1355 physica
421 1268 482 1336 Dei
497 1267 646 1336 effectum
661 1268 775 1336 realem
788 1264 903 1334 habere
920 1265 984 1332 de·-

83 1355 162 1434 bet,
175 1377 241 1420 non
251 1356 459 1444 privationem
472 1379 483 1436 ς
496 1356 671 1424 necessario
683 1356 825 1444 sequitur
833 1403 845 1434 ,
855 1371 984 1422 creatae

1 1522 6 1536 ,
86 1465 176 1522 ram,
200 1465 263 1510 non
287 1467 363 1514 vero
384 1447 511 1526 Deum,
536 1445 669 1515 deficere
694 1443 726 1508 in
750 1461 823 1510 actu
847 1447 994 1532 peccati,'

1 1543 5 1564 “
86 1554 143 1600 sen
157 1532 277 1601 morale
293 1537 416 1623 peccati
428 1537 468 1604 ad
481 1553 653 1602 creaturam
668 1552 797 1621 prorsus
811 1534 979 1620 pertinere.

1 1644 4 1666 =
85 1622 363 1702 Quemadmodum
384 1625 465 1692 enim
489 1623 515 1690 si
537 1625 605 1710 qnia
623 1622 750 1688 calamo·
772 1623 853 1688 maie
867 1639 980 1708 aptato
1067 1631 1069 1636 “

2 1794 4 1799 Ι
86 1709 130 1778 ad
153 1711 352 1780 scribendum
375 1709 497 1794 utatur,
522 1713 676 1780 calamum
703 1731 768 1776 non
797 1711 984 1780 determinat

1 1803 2 1808 ’
88 1799 132 1866 ad
143 1800 252 1874 vitium
268 1802 461 1891 scripturae,
477 1802 533 1870 sed
548 1800 659 1871 vitium
674 1799 761 1866 istud
775 1822 793 1866 a
808 1800 877 1866 solo
892 1800 983 1865 cala·

91 1909 147 1954 mo
159 1889 385 1976 proficiscitur3
400 1891 443 1956 ira
456 1892 543 1958 Deus
556 1889 793 1978 praemorendo
805 1905 983 1956 creaturam

89 1975 134 2044 ad
155 1981 314 2046 materiale
331 1981 462 2070 peccati
487 1980 612 2048 minime
637 1979 741 2046 influit
767 1978 798 2042 in
821 1975 984 2046 defectum
1085 2051 1088 2058 ,

89 2087 146 2133 sen
173 2069 320 2146 malitiam
350 2089 461 2148 actus,
487 2066 543 2135 sed
570 2069 621 2138 ille
651 2065 796 2136 defectus
823 2067 856 2135 in
882 2066 983 2136 solam

91 2173 266 2221 ereaturam
283 2172 330 2224 est
344 2155 568 2224 refundendum
858 2168 861 2176 ’

157 2245 286 2314 Verum
311 2265 423 2312 contra
449 2247 530 2314 hanc
553 2245 773 2320 tiromistarnm
802 2245 1004 2336 responsio-3
1102 2263 1106 2276 '

88 2351 162 2401 nem
177 2335 374 2420 gravissimae
383 2353 593 2424 opponuntur
605 2333 816 2404 defficuitates
825 2327 991 2422 ,quarum

94 2421 264 2507 praecipua
278 2441 343 2501 est,
366 2425 484 2490 morale
498 2425 618 2510 peccari
636 2446 704 2492 esse
719 2425 892 2492 necessario
909 2445 984 2491 cum

93 2505 237 2598 physico
247 2511 465 2578 coniunctum.
483 2512 573 2582 Licet
588 2513 669 2580 enim
683 2511 900 2580 abstractione
914 2514 983 2578 dis-

94 2597 297 2685 tinguantur,
312 2623 374 2665 non
387 2602 544 2689 sequitur,
555 2623 591 2668 ea
606 2623 674 2670 esse
688 2603 871 2682 divisa„a·ut
885 2602 985 2674 actin-

95 2699 164 2752 nem
181 2687 367 2776 singularem
383 2691 424 2756 ita
440 2712 533 2778 posse
548 2690 672 2757 divisim
687 2694 821 2778 patrari,
838 2710 874 2758 ut
894 2691 984 2760 Deus

96 2793 214 2863 partem
230 2779 296 2842 eins
305 2825 316 2856 ,
330 2779 462 2846 aiteram
475 2797 616 2846 creatura
632 2778 736 2846 faciat.
750 2779 850 2845 Nulla
864 2798 912 2846 est
928 2793 984 2846 ac'-

61 2943 67 2960 x
97 2865 141 2928 tio
155 2863 184 2928 in
209 2887 342 2952 genere,
370 2889 477 2941 omnes
493 2887 565 2952 sunt
592 2868 780 2956 singulares,
796 2886 828 2936 et
850 2891 888 2934 eu
909 2867 984 2954 ipso

95 2974 278 3033 momento,
302 2977 366 3040 quo
384 2958 482 3032 fiunt,
497 2979 603 3023 versus
619 2975 740 3024 certum
754 2954 914 3022 obieetum
937 2955 984 3024 fe·

78 3059 218 3124 ,tuntum
232 3043 358 3127 ¹Quum
376 3065 452 3137 ergo
466 3043 543 3116 haec
555 3045 623 3120 duo
638 3043 809 3138 physicum
821 3063 854 3139 et
864 3047 985 3122 mutale
