2258 3428
215 164 304 212 nnus
328 165 359 212 s.
383 167 541 214 nooscns.
562 169 641 216 usn.
669 167 737 216 ιιι.
838 173 897 242 132

42 233 255 302 finitionibus
268 235 438 324 diligenter
454 257 613 324 praestant
628 255 834 328 geometrae,
851 243 898 306 ni·

42 325 274 402 hilinteresr,
299 327 378 392 tales
392 325 594 396 definitiones
617 327 666 396 vel
688 330 740 396 rei
761 329 812 396 rel
839 352 900 398 no·

45 415 152 480 minis
177 415 348 502 appellari.

99 499 147 568 ll.
195 501 237 568 ln
257 503 345 571 omni
362 502 547 572 definitione
561 508 612 574 rei
633 503 665 570 id
683 505 814 574 maxime
835 527 898 578 cn-

55 593 190 658 randum
207 609 279 672 est,
306 607 409 658 utres
432 591 563 660 definita
590 617 837 682 aquacumque
862 619 898 662 a·

48 681 86 746 lia
118 677 270 770 perfecte
300 680 523 765 distinguatur.
560 683 670 772 Atqua
699 683 773 748 hinc
806 682 898 754 facile

44 787 218 858 apparet,
246 767 441 836 definitiones
464 791 596 850 omnes,
622 770 738 856 quibus
766 794 814 840 res
840 775 897 843 ali·

43 881 112 948 qua
132 859 262 923 ratione
277 856 485 924 describimus
501 877 555 924 aut
567 861 783 945 explicamus,
801 881 897 928 cons·

42 969 119 1014 taxe
151 944 272 1012 debere
298 967 413 1034 genere
441 965 473 1012 et
504 946 676 1014 differentia
690 995 701 1026 ,
730 951 897 1033 exquibus

41 1059 98 1102 res
135 1035 231 1118 ipsae
248 1053 407 1123 tamquam
433 1037 573 1121 partibus
588 1056 836 1124 componuntur.
866 1041 898 1106 Si

43 1123 208 1190 definitio
224 1123 261 1186 sir
279 1124 472 1200 essentialis,
497 1126 570 1189 satis
584 1126 643 1192 erit
665 1127 842 1213 exprimere
856 1150 899 1190 u-

44 1216 164 1279 nicum
182 1213 405 1278 tantummodo
419 1212 607 1280 attributum
620 1215 795 1294 essentiale,
806 1216 898 1302 quod

43 1321 247 1368 tamensem
276 1302 378 1386 ipsam
403 1301 443 1366 ab
470 1303 529 1366 alia
554 1301 692 1389 qualibet
713 1303 896 1395 distinguat.

45 1394 185 1462 Verum
207 1392 231 1454 si
247 1389 391 1456 definitio
412 1393 449 1454 sit
473 1389 688 1474 descriptiva,
715 1407 766 1456 tot
791 1410 897 1482 partes

48 1480 82 1544 in
109 1481 300 1546 definitione
332 1481 505 1544 enumerari
529 1479 673 1554 debent,
698 1498 779 1564 quot
806 1483 900 1548 simul

52 1586 207 1652 sumptae
229 1569 283 1632 uni
303 1567 528 1634 tantummodo
552 1567 595 1634 rei
612 1566 758 1634 delinitae
774 1590 900 1634 conve·

55 1656 177 1732 niant,
207 1661 335 1744 eamque
357 1679 376 1722 a
399 1657 511 1722 ceteris
526 1655 671 1722 omnibus
695 1656 898 1745 distinguant.

59 1743 199 1811 Verum
221 1743 253 1806 in
277 1745 360 1812 omni
389 1744 608 1824 delinitione,
651 1765 804 1832 quantum
832 1745 901 1814 lieri

63 1847 176 1915 potest
191 1853 203 1908 ς
234 1831 324 1900 debet
354 1833 484 1921 exprimi
509 1855 607 1922 genus
638 1834 818 1920 proximum
843 1855 899 1902 seu

56 1917 203 1984 inferius.
228 1920 382 2000 Etenim,
411 1938 445 1985 ut
466 1921 749 1988 demonstrabimus
770 1942 899 2013 agentes

56 2008 99 2074 de
115 2011 347 2076 universalibus
365 2056 374 2089 ‚
402 2010 519 2100 gradus
540 2009 668 2076 inferior
682 2009 825 2078 continet
842 2035 901 2078 su-

55 2099 243 2185 periorem,
272 2121 309 2164 ac
331 2099 465 2186 proinde
480 2121 578 2184 quum
598 2097 780 2164 adhibemus
800 2121 902 2188 genus

53 2187 245 2274 proximum
262 2189 391 2252 alicuius
408 2188 478 2265 rei,
508 2189 538 2252 in
569 2188 699 2253 notione
723 2185 816 2254 liuius
841 2210 901 2277 ge-

52 2278 139 2342 neris
164 2276 482 2364 comprehenduntur
504 2275 658 2340 attributa
674 2295 824 2362 generum
841 2300 901 2343 su·-
929 2269 933 2278 ’

53 2369 235 2452 periurum.
266 2364 318 2430 Ita
331 2367 362 2428 in
384 2368 514 2430 notione
534 2364 672 2430 animalis
688 2365 903 2448 comprehen-

53 2456 148 2518 ditur
174 2457 263 2520 notio
285 2455 418 2518 viventis
438 2499 447 2530 ‚
473 2455 615 2541 corporis
640 2471 672 2520 et
695 2453 902 2520 substantiae.

51 2545 187 2606 Contra
202 2546 224 2608 si
244 2543 399 2608 difinirem
421 2541 603 2619 hominem,
631 2542 835 2608 substantiam
851 2563 901 2612 ra·

55 2631 216 2695 tionalern
233 2677 242 2709 ,
268 2631 490 2698 omitterentur
503 2631 650 2696 notiones
664 2632 830 2716 corporis,
853 2635 903 2697 vi-

53 2721 166 2786 ventis
188 2738 219 2785 et
240 2721 406 2800 animalis,
437 2741 540 2804 neque
561 2717 813 2786 accumularet
837 2718 900 2788 de-

58 2809 176 2872 finitio.
209 2811 361 2896 Vulgata
380 2825 485 2876 autem
501 2807 634 2874 hominis
651 2802 816 2885 definitio,
841 2809 900 2871 ho-

55 2919 107 2964 mo
122 2912 176 2966 ert
191 2897 322 2970 animal
337 2895 502 2971 rationale
515 2942 527 2992 ,
552 2895 695 3050 pontinet
710 2915 808 2985 genus
824 2916 902 2983 pru·

580 3005 598 3049 2
660 3017 664 3034 t
