2326 3438
223 163 289 256 278
464 189 646 236 rusttrvr.
678 165 813 235 russos.
1049 220 1062 232 ..

223 255 408 345 {quomodo
433 262 666 348 percussionem
687 279 860 346 campanae
878 272 987 320 motus
1004 261 1057 318 se-
1153 263 1154 308 t

223 361 340 430 quatur
361 351 390 410 in
412 369 486 415 aure
510 349 607 430 salis,
636 350 690 438 qui
715 369 814 414 uetvo
835 341 1056 410 communica-

223 436 249 498 ri
281 435 401 522 possit?
500 439 502 444 '
1153 512 1154 525 χ

291 521 416 610 Regula
441 541 505 587 111.
535 523 637 592 Ideae
654 523 804 606 diversae
821 525 853 589 t‘n
868 515 1062 612 quaestione
1153 549 1154 616 q

223 629 444 691 memoratae,
471 612 718 702 quantumfieri
733 627 866 702 potest,
892 629 1061 694 separara—
1153 619 1154 632 ¹

224 700 290 765 dee
315 715 414 779 sunt,
441 717 477 766 ut
505 709 654 792 quaestio
677 699 842 792 inpium
860 715 978 788 partes
998 716 1062 761 re·
1106 760 1111 766 .

225 785 385 853 solvatur.

294 873 466 942 Resolutio
490 877 567 943 baec
592 900 734 970 magnam
759 875 855 944 habet
878 872 1061 938 utilitatem.
1153 885 1154 894 ¹

226 957 331 1028 Huius
369 989 432 1052 ope
463 965 630 1032 difficultas
665 989 789 1055 semper
823 962 1000 1038 minuitur,
1029 977 1064 1027 et
1154 1025 1155 1050 p

229 1073 323 1140 saepe
338 1057 467 1119 omnino
483 1057 633 1136 tollitur,
662 1057 686 1120 si
702 1055 799 1120 modo
819 1054 888 1117 talis
904 1049 1067 1115 adhibea-

229 1157 283 1206 tur
310 1144 486 1218 resolutio,
511 1165 592 1228 quae
622 1163 765 1209 naturam
797 1140 928 1208 subiecti
958 1137 1065 1222 sequi·
1154 1201 1155 1204 ,

228 1241 291 1293 tur:
320 1230 563 1298 Observandum
580 1249 710 1308 autem,
740 1232 772 1298 id
787 1251 917 1297 necesse
933 1228 1066 1312 omnino

229 1337 321 1396 esse,
347 1338 382 1383 ut
405 1338 504 1385 totam
527 1324 741 1406 quaestionem
759 1321 957 1408 propositam
978 1337 1065 1381 con·

228 1405 351 1471 tinearrt
377 1408 578 1493 quaestiones
604 1411 775 1498 peculiares
799 1407 888 1472 simul
905 1421 1066 1492 sumptae,
1112 1477 1114 1484 Α

127 1501 130 1508 ’
228 1492 260 1556 in
283 1516 360 1580 quas
382 1499 448 1586 ipsa
474 1501 613 1583 quaestio
640 1517 709 1564 tota
732 1497 908 1580 [esolvitu't.
939 1493 1067 1573 Divisio

231 1587 369 1647 omnium
393 1590 524 1652 maxime
542 1586 682 1674 perfecta
700 1603 773 1665 est,
802 1607 883 1674 quae
899 1585 933 1647 iit
948 1583 978 1644 in
997 1581 1081 1658 duo⁴
1102 1645 1104 1648 .

231 1674 369 1739 membra
393 1673 579 1740 affirmando
601 1697 632 1742 et
653 1675 809 1765 negando.
835 1673 921 1738 Talis
943 1689 990 1735 est
1011 1671 1065 1734 di·
1109 1740 1113 1746 ,
1154 1707 1155 1718 1

232 1760 336 1824 visiot
367 1786 454 1828 omne
482 1763 571 1850 quod
592 1780 670 1844 est,
698 1765 795 1848 habet
816 1763 973 1837 indiam,
1002 1769 1066 1824 aut

149 1901 151 1905 .
230 1869 292 1912 non
319 1851 416 1913 habet
443 1853 582 1916 initium.
613 1851 706 1930 Quae
729 1849 856 1936 quidem
885 1848 991 1937 regula
1025 1845 1067 1912 ad

231 1933 462 2002 subdivisiones
486 1940 578 2004 etiam
602 1939 759 2006 transferri
783 1939 905 2014 debet,
932 1955 962 2002 et
987 1955 1066 2000 tunc

139 2022 143 2028 ’
230 2023 351 2087 nullum
380 2024 508 2090 dubium
535 2027 601 2092 dari
626 2045 734 2117 potest
757 2030 840 2093 circa
864 2025 1066 2103 divisionem,
1107 2041 1114 2084 .·
1155 2069 1156 2082 r

230 2110 320 2175 sulus
349 2114 486 2180 membra
514 2118 683 2182 coniuncta
710 2138 774 2180 tem
804 2117 961 2217 integram
985 2111 1067 2178 diri·

233 2197 368 2264 dendam
387 2223 595 2290 componunt.
627 2205 716 2271 Haec
730 2207 836 2268 tamen
850 2203 962 2266 divisio
979 2223 994 2264 a
1010 2222 1069 2265 na·

232 2288 325 2353 tutali
346 2291 527 2372 divisione,
554 2315 651 2381 quam
673 2314 721 2359 tes
750 2295 816 2380 ipsa
840 2291 982 2363 indicat,
1010 2290 1069 2353 ali·

233 2379 364 2466 quando
389 2380 584 2458 abduceret3
600 2384 648 2447 vut
672 2380 777 2446 statim
801 2381 831 2443 ln
853 2377 1002 2466 exemplo
1024 2376 1068 2443 de

232 2485 313 2531 sono
341 2467 527 2533 videbimus.
559 2470 744 2537 Cavendum
768 2470 796 2532 in
821 2466 977 2552 divisione
991 2513 1002 2542 ‚
1029 2487 1069 2530 ne

169 2566 171 2570 '
233 2554 408 2638 membrum
438 2563 534 2623 unum
569 2561 598 2622 iu
630 2558 692 2624 alio
720 2557 945 2638 contineatur,
976 2553 1069 2644 quod
1101 2631 1105 2638 ἱ

234 2643 362 2731 quidem
392 2643 450 2709 iam
482 2644 685 2726 monuimus,
716 2644 769 2711 ubi
794 2645 973 2734 explicatae
995 2656 1069 2718 sunt

235 2731 395 2798 divisionis
425 2735 536 2822 leges..

299 2821 486 2888 Cavendum
499 2843 651 2910 quoque,
666 2843 704 2887 ne
719 2820 969 2888 subdivisionum
987 2817 1070 2882 mul·

221 2909 428 3001 tiplicatione
455 2913 575 2975 oriatur
602 2909 748 2978 confusio
774 2911 897 2990 maior,
921 2929 1016 2995 quarn
1043 2903 1072 2970 si
