2264 3420
166 131 211 196 4²
438 133 626 184 usust-vu.
650 133 785 185 mltos·
1130 159 1131 186 r

164 225 230 292 que
244 223 442 292 proponere.
461 203 511 270 lta
525 206 608 271 eninr
632 206 740 271 scribit
755 205 795 271 ad
814 200 981 272 Psaffiums
1000 227 1059 274 ne·
1130 225 1131 286 ζ

165 313 229 382 que
245 292 509 381 philosophorum
525 309 576 360 etr
598 318 667 360 rem
691 299 917 383 serioserrrper
942 294 1065 384 agere,
1130 287 1131 368 1

166 384 225 472 qrtr‘
244 386 288 487 t'rr·
296 379 466 472 fingendis
494 382 723 474 hypothesibus
745 388 867 476 ingenii
892 387 947 450 sui
969 387 1065 454 uires

167 494 212 537 rx
238 489 439 538 rrtrtrrtrrr.¹
523 527 527 534 .
637 505 639 512 v

149 558 151 560 ’
209 493 281 634 fV.
314 557 510 643 ¹Cunnhis,
534 581 615 646 quae
639 558 794 630 hactenus
812 560 1058 647 explicavimus,

167 651 339 714 coniuncta
356 668 403 715 esr
414 651 621 740 vulgatissima
635 653 726 738 apud
734 651 945 716 scholasticos
959 674 1057 738 quae·

168 739 250 816 trio,
273 760 337 828 qua
360 741 475 805 scilicet
497 741 617 805 rarione
634 742 735 804 anima
750 739 812 804 dici
831 740 933 825 possit
940 738 1057 820 forma

96 831 100 844 ¹
167 827 406 892 substantialis
422 827 578 914 corporis.
594 827 697 894 Facile
714 831 795 894 solvi
812 827 940 893 videtur
955 850 1056 916 quae-

167 915 248 991 stio,
266 918 290 980 si
302 917 426 982 dicatur
441 939 515 982 curn
527 918 673 983 Cartesio
685 959 695 994 ,
709 917 844 982 animem
859 937 898 982 ex
913 919 983 982 sola
994 917 1052 984 Dei

168 1003 380 1072 destinatione
406 1023 439 1072 et
465 1005 566 1072 libero
589 1005 721 1095 decreto
738 1028 807 1072 esse
824 1004 963 1070 formam
983 1005 1052 1072 snit⁴

168 1093 346 1162 cruciarem
363 1094 510 1182 corporis
521 1096 574 1159 ita
582 1141 594 1173 ,
609 1113 644 1158 ut
659 1117 699 1160 ex
716 1116 748 1160 se
763 1112 794 1173 et
815 1117 854 1160 ex
868 1113 989 1160 natura
1002 1115 1055 1160 sun

168 1203 234 1248 non
258 1182 364 1272 erigat
381 1183 641 1250 coniunctionem
666 1203 739 1250 cum
765 1204 914 1269 corpore.
937 1184 985 1248 At
1007 1183 1058 1250 elii

171 1292 239 1336 non
255 1273 349 1358 patrui
365 1272 502 1352 volunt,
525 1271 598 1338 huic
613 1271 754 1360 opinioni
769 1271 930 1337 adversari
947 1293 1057 1338 aucto·

119 1393 123 1402 ·
171 1359 296 1427 riratem
309 1380 493 1427 sanctorum
507 1362 709 1448 parrum,qui
724 1358 926 1449 proscribunt
938 1379 1053 1426 senten·

170 1448 251 1514 siam
266 1449 436 1539 Origenis,
462 1451 585 1514 nulium
607 1448 781 1515 adserentis
806 1471 874 1516 esse
892 1450 1057 1516 discrimen

171 1539 314 1622 naturale
327 1541 443 1604 animas
457 1539 538 1604 inter
544 1556 584 1606 ‘et
596 1537 741 1626 angelos,
749 1538 805 1606 sed
815 1539 883 1604 illas
897 1537 930 1604 in
940 1561 1057 1626 corpo-

100 1684 102 1698 .
171 1646 208 1694 ra
219 1645 379 1720 tamquam
394 1630 425 1694 in
435 1628 591 1716 ergastula
603 1627 730 1694 detrudi
742 1628 772 1692 in
784 1649 920 1716 poenam
936 1628 1058 1695 scilicet

172 1717 338 1799 criminum
361 1735 435 1783 ante
451 1737 539 1782 suam
555 1739 627 1782 curn
643 1737 779 1802 corpote
801 1717 1056 1783 coniunctionem

173 1803 392 1871 admissorum.
409 1807 538 1875 Verum
551 1806 616 1873 duo
629 1806 659 1868 in
672 1804 731 1870 hac
744 1805 890 1895 Origenis
906 1807 1059 1872 sententie

174 1894 325 1983 distingui
341 1911 495 1980 possunt,
513 1895 579 1958 duo
597 1894 716 1982 quippe
732 1893 807 1959 dicit
829 1894 990 1984 Origines.
1012 1894 1059 1959 1.⁰

101 1987 103 1992 '
173 1983 321 2048 'Animum
346 1981 512 2048 humanam
537 2005 601 2048 non
628 2003 694 2048 esse
719 2003 757 2049 ex
779 2000 892 2046 natura
916 2003 974 2047 sua
995 1981 1060 2048 for·

173 2092 256 2137 rnatu
279 2071 435 2158 corporis.
463 2073 530 2136 tt.0
554 2071 707 2138 Eamdern
729 2071 865 2136 animam
890 2071 1059 2139 informate

173 2177 293 2248 corpus
314 2159 402 2225 iussu
426 2161 483 2226 Dei
501 2183 570 2227 enm
586 2161 752 2248 punientis.
774 2157 860 2226 Illud
882 2162 1059 2228 secundun

174 2269 262 2318 error
282 2265 327 2318 est
343 2245 524 2315 manifestus
546 2273 564 2315 a
587 2247 727 2337 patribus
749 2249 861 2319 rnerito
875 2247 1058 2317 damnatus·

176 2339 221 2405 Ar
239 2340 363 2406 nonita
386 2357 508 2405 certum
527 2337 677 2418 ridetur,
697 2339 832 2424 primum
856 2337 949 2405 fuisse
969 2362 987 2403 a
1004 2361 1059 2427 pa·
1130 2399 1131 2414 ,

176 2427 279 2493 tribus
301 2427 520 2516 reprobatum.
546 2425 718 2492 Definitum
742 2425 869 2493 videtur
891 2427 922 2492 in
947 2429 1060 2494 conci·
1130 2417 1131 2510 1

176 2515 228 2583 iiis
245 2517 429 2583 interanensi
444 2534 476 2584 et
490 2517 669 2593 rienrrensi,
685 2515 818 2580 animant
834 2537 942 2602 perse
959 2535 993 2582 et
1006 2539 1058 2582 er·
1130 2519 1131 2594 1

177 2605 363 2671 rentialiter
389 2626 456 2670 esse
482 2603 607 2670 humani
628 2603 769 2691 corporis
787 2599 928 2668 formam.
944 2605 1061 2672 Carre-
1130 2637 1131 2680 t

177 2692 254 2758 siani
266 2693 474 2759 conciliorum
485 2694 854 2766 definitionemeosensu
867 2691 1060 2782 intelligunt,
1130 2691 1131 2774 ζ

177 2781 279 2868 quod*
296 2782 396 2843 anima
421 2797 564 2865 spectata
575 2779 769 2861 formaliter
793 2797 831 2844 ut
845 2781 974 2860 anima,
999 2781 1061 2846 hoc
1130 2783 1131 2858 1

178 2887 224 2933 est
237 2917 247 2947 ,
273 2883 307 2930 ut
323 2887 395 2930 actu
409 2867 579 2932 coniuncta
594 2869 719 2952 corpori
735 2911 744 2945 ,
774 2869 813 2932 sit
829 2866 931 2932 formu
945 2890 1064 2956 corpo·

152 3005 154 3032 ,
178 2955 232 3018 ris.
248 2953 308 3019 Sed
327 2953 402 3018 haec
417 2954 590 3040 explicatio
613 2955 756 3042 displicet
778 2955 905 3032 multis,
924 2957 981 3041 qui
1007 2978 1068 3021 vo·

177 3045 273 3119 inor,
296 3039 510 3118 offeriniriotrem
528 3045 739 3110 conciliorum
754 3043 993 3132 intelligendam
1009 3063 1068 3112 es·
