2258 3428
204 157 253 314 po
450 181 625 228 rrsrrnvr.
644 179 780 228 sartos.
868 173 882 191 ··

142 303 145 310 ι
220 271 304 316 uere.
333 251 414 317 Sunt
439 269 545 318 antem
574 251 903 339 postpraedioamtnm
940 249 1047 316 affec-

207 339 310 406 tiones
343 361 400 406 seu
434 343 645 428 proprietates
679 339 832 430 quaedam
870 342 1047 430 generales,

206 449 287 515 quae
311 451 351 493 ex
375 429 701 516 praedicamentorum
727 432 963 516 comparatione
983 429 1047 492 -in-

202 534 257 588 ‚ter
283 538 315 581 se
339 517 507 598 oriuntur,
528 519 562 584 'et
584 517 634 582 hic
659 518 761 606 primo
787 537 957 582 occurrunt
981 537 1048 606 op-

130 648 135 672 »
199 610 333 695 posita,
359 627 440 691 quae
466 608 497 672 in
521 624 676 694 quattuor
700 607 1045 694 speciesdividuntur,

206 695 419 780 dicunturque
460 695 601 775 relata,
642 699 838 772 contraria,
875 698 1046 784 privativa

203 800 237 848 et
262 783 531 852 contradictoria.
559 785 704 850 Relatina
730 785 892 872 oppositlo
916 801 962 850 est
990 783 1045 845 in-

204 886 254 940 ter
283 870 365 938 dnos
397 875 572 954 terminos,
601 894 738 961 quorum
769 890 847 937 unns
877 871 918 936 ad
946 871 1043 938 alium

202 957 362 1039 refertur,
384 980 420 1026 ut
442 983 531 1051 pater
557 962 599 1028 ad
623 964 732 1028 filium.
759 962 929 1047 Oppositlo
956 981 1044 1024 con-

204 1049 299 1116 traria
321 1051 435 1116 dicitur
456 1075 524 1118 csse
543 1054 624 1117 inter
647 1052 712 1117 duo
737 1051 930 1128 accidentia,
958 1071 1043 1138 quae

203 1138 264 1203 sub
285 1141 400 1205 eodem
421 1162 532 1227 genere
555 1143 663 1228 posita
688 1143 821 1204 maxime
845 1139 965 1204 distant
992 1139 1056 1200 in-¹

203 1241 252 1292 ter
276 1248 326 1304 se,
347 1247 386 1292 nt
412 1227 494 1294 inter
521 1232 668 1296 virtutem
686 1247 716 1295 et
740 1229 873 1306 vitium,
901 1226 1043 1292 calorem

204 1330 238 1379 ct
264 1312 371 1404 frigus.
397 1317 523 1383 Privata
546 1319 707 1406 oppositio
733 1337 778 1382 est
803 1319 883 1381 inter
906 1312 1042 1380 formam

204 1421 260 1468 seu
284 1405 476 1483 realitatem,
500 1425 531 1472 et
556 1409 620 1472 eius
641 1405 869 1493 privationem,
899 1422 936 1467 ut
959 1406 1042 1469 inter

202 1492 299 1557 vitam
323 1513 355 1559 et
375 1511 518 1560 mortem.
545 1495 801 1560 contradictoria
823 1510 871 1559 est
892 1493 1042 1558 inserens

202 1596 236 1645 et
259 1603 324 1646 non
347 1605 400 1649 ens
414 1631 424 1661 ‚
445 1603 479 1649 ut
505 1585 585 1650 inter
608 1585 766 1648 hominem
791 1600 823 1648 et
845 1602 909 1644 non
934 1578 1052 1645 homi-¹

202 1691 293 1750 nem,
329 1672 466 1737 calidum
499 1689 531 1736 et
565 1695 629 1737 non
665 1671 812 1737 calidum.
844 1669 969 1736 Deinde
1009 1669 1041 1734 in
1112 1735 1116 1738 ,

202 1758 538 1846 postpraedicamentis
558 1759 798 1826 considerantur
816 1761 979 1847 'prioritas
992 1777 1043 1822 at-

203 1864 265 1930 que
288 1847 453 1913 simultas.
479 1850 595 1919 Vnum
618 1848 732 1914 dicitur
756 1849 856 1913 altero
879 1851 964 1935 prius
988 1845 1042 1913 vei

205 1948 377 2021 tempore,
409 1957 507 2026 quum
535 1947 631 2002 unum
659 1953 731 2003 ante
760 1939 893 2002 alterum
921 1934 1042 2013 existit;

203 2021 254 2087 vel
275 2037 419 2104 natura,
442 2044 478 2090 ut
501 2027 549 2091 sol
570 2029 656 2114 prior
679 2043 726 2092 est
748 2025 886 2106 lumine,
901 2025 987 2111 quod
1004 2048 1043 2088 e·-

203 2111 324 2190 mittit3
356 2114 408 2180 vel
435 2114 608 2181 existendi
636 2118 876 2190 consecutione,
905 2131 940 2178 ut
967 2113 1051 2176 ani-¹

202 2199 265 2265 mal
291 2201 376 2288 prins
402 2219 449 2268 est
472 2203 623 2282 homine3
651 2205 702 2269 vel
728 2201 840 2269 ordine
868 2219 901 2266 et
926 2199 1043 2290 digm-

200 2303 297 2367 tate‚
319 2309 356 2356 ut
382 2291 449 2358 dux
475 2285 521 2359 est
542 2294 626 2380 prior
651 2291 789 2380 simplice
814 2289 920 2354 milite.
943 2289 1042 2354 Simili

198 2378 320 2444 ratione
345 2381 437 2468 plura
458 2399 532 2446 sent
548 2381 644 2445 simul
668 2382 718 2446 vel
732 2399 877 2467 ternpore
887 2425 897 2456 ,
912 2378 964 2444 vel
980 2401 1043 2441 nae·
1120 2417 1121 2426 ι

200 2482 295 2546 tura,
323 2470 373 2535 vel
398 2472 498 2533 etiam
519 2469 675 2537 divisione
685 2516 697 2550 ,
717 2472 764 2534 oti
789 2467 910 2558 species
937 2466 1043 2533 eidem

202 2558 308 2644 generi
333 2555 508 2624 subiectae.
551 2599 554 2612 ‹
589 2573 591 2582 “

242 2641 309 2708 111.
355 2645 465 2723 Quum
494 2644 574 2712 liber
601 2645 830 2735 categoriarum
860 2641 1043 2734 Chrysario

198 2731 392 2798 adolescenti
417 2755 548 2800 romano
572 2733 738 2802 obscurior
752 2733 934 2809 rideretur3
955 2733 1041 2798 Por·
1119 2737 1120 2748 ¹

198 2821 334 2913 phyrius
360 2824 486 2890 natione
512 2823 653 2910 phoenix
675 2823 804 2890 brevem
824 2825 855 2885 in
877 2822 1042 2886 Aristote-

196 2909 234 2976 lis
268 2914 441 3001 categorias
480 2913 630 3004 isagogeu
667 2913 730 2980 sive
770 2907 1048 2978 introductionem·
