2298 3418
268 153 403 206 trust.
428 153 589 206 nurum.
612 155 689 208 ont.
713 157 766 206 tv.
900 153 941 225 75

86 229 293 322 quitantur,
322 226 398 292 nihil
415 226 587 295 aliudesse
604 245 765 317 possunt,
796 223 854 292 nisi
870 247 945 292 rno-

91 337 155 385 tus
183 318 311 385 alicuius
338 316 485 406 corporis
514 315 600 383 aliud
628 337 750 408 corpus
773 313 945 404 impellen-

84 409 144 474 -tis
160 431 170 485 3
200 407 225 472 si
242 423 350 473 eutem
364 427 479 474 causae
494 404 574 474 aliae
587 408 728 474 internae
744 421 855 474 ernon
872 427 945 470 ma-

96 495 227 564 teriales
238 497 398 584 tingantur
412 517 433 574 3⁴
453 515 517 560 non
533 495 739 584 intelligitur,
766 515 832 586 qua
848 495 946 560 tatio'·

98 607 144 654 ne
158 607 272 652 causae
288 586 358 652 illae
377 587 557 674 comparari
571 585 652 653 inser
668 608 701 652 se
717 584 843 676 possint
862 628 872 663 ,
902 584 957 665 ira¹

96 692 149 738 rst-
164 695 229 743 uns
253 673 294 739 sit
321 673 450 740 alterius
476 673 576 766 dupla
596 692 653 741 aut
674 675 781 764 tripla.
811 672 947 740 Perinde

96 761 171 828 hoo
193 763 364 830 ridiculum
385 759 494 839 foret,
524 785 561 830 ac
583 764 607 827 si
629 765 765 830 sensorio
783 781 845 828 una
868 759 949 830 alte·

98 855 170 918 rius
194 852 295 940 dupla
313 851 366 918 rel
391 851 489 940 tripla
511 852 681 920 diceretur.
711 854 844 923 Verum
872 857 959 916 cau-'

101 963 164 1009 sae
185 940 257 1008 illae
279 940 311 1007 in
334 938 498 1008 effectibus
521 939 693 1032 physicis,
726 945 949 1030 quaecumque

103 1031 203 1108 sint,
234 1051 275 1094 ex
297 1029 403 1117 spatiis
425 1029 504 1096 dato
519 1047 663 1118 tempore
679 1029 837 1118 percursis
861 1027 958 1096 facile'

106 1135 370 1206 cognoscuntur,
388 1117 481 1206 quod
495 1117 626 1208 quidem
644 1119 787 1211 physicis
803 1117 876 1184 satis
889 1133 950 1184 est.

108 1204 166 1272 Ex
187 1204 333 1300 ambigua
356 1207 470 1273 virium
489 1225 525 1275 et
547 1227 712 1276 causarum
738 1209 867 1274 notione
893 1227 953 1272 or·

85 1296 166 1361 -rrie
189 1313 266 1361 sunt
290 1297 359 1364 lires
386 1295 567 1386 plurimae,
596 1315 678 1386 quse
700 1297 797 1386 rebus
825 1295 959 1364 mecha·'

107 1384 188 1450 uicis
212 1383 358 1452 tenebras
382 1385 582 1454 densissimas
608 1385 793 1470 offundunt.
822 1386 884 1454 Sed
912 1385 952 1454 de

110 1471 162 1538 his
191 1474 223 1538 in
253 1473 296 1564 ph
326 1474 400 1540 sica.
476 1493 481 1502 ·
689 1491 692 1498 ·
761 1465 790 1497 ''

121 1575 127 1588 “
155 1560 246 1629 Vll.
292 1497 339 1630 {a
368 1562 503 1642 omnia,
530 1581 613 1652 quae
642 1562 685 1629 de
714 1563 804 1627 va'riis
836 1561 956 1628 entium

6 1649 7 1652 ’
86 1650 282 1739 ⁴‘generibus
299 1647 511 1740 ipsorumque
527 1650 684 1716 attributis
704 1652 847 1739 expolita
869 1663 961 1732 sunt,

113 1739 266 1808 absolute
279 1739 368 1808 dieta
380 1741 485 1806 suere.
516 1739 612 1829 Entit
626 1740 708 1808 enlm
722 1785 732 1821 ,
763 1739 960 1829 illorumque

115 1827 259 1910 indolem
287 1849 329 1896 ac·
351 1845 496 1894 naturam
520 1827 658 1896 sdlirzirie
683 1846 716 1897 et
741 1827 884 1898 seorsum
916 1827 957 1896 ab

117 1917 182 1982 alis
205 1915 484 2007 consideravimus.
513 1913 559 1982 At
580 1917 703 2008 nullutn
720 1918 962 2008 propemodum

116 2019 172 2072 ens
189 2004 230 2072 ab
250 2007 415 2074 intellectu
431 2021 541 2070 nostro
562 2006 760 2096 percipitur,
789 2007 877 2096 quod
898 2031 961 2098 rra-7

116 2095 188 2171 rura
224 2116 304 2174 sun,
335 2093 535 2166 vel'ialtem·
559 2094 599 2160 ab
629 2093 794 2162 intellectu
829 2095 870 2162 ad
899 2104 960 2164 'ens

118 2181 217 2250 tund·
235 2180 342 2252 referri
368 2205 434 2248 non
456 2182 582 2272 possit,
614 2184 677 2249 sive
700 2203 774 2268 cum
797 2185 858 2250 alio
887 2176 960 2252 e'nte

118 2274 308 2360 conputari.
341 2271 466 2337 Multus
488 2291 564 2360 ergo
592 2266 641 2337 e'st
668 2269 856 2337 relationum
885 2292 960 2338 usus

111 2361 152 2426 tn·
169 2359 345 2451 disciplinis
369 2360 529 2428 omnibus.
558 2355 611 2424 Ita
632 2382 660 2425 e.
682 2381 713 2448 g.
737 2358 767 2424 in
785 2359 963 2440 alirhmeti-¹

121 2460 161 2515 ca
174 2454 417 2516 numerosiore
433 2447 571 2539 primum
582 2445 843 2528 consideramus,
866 2446 965 2534 dein-¹

124 2538 165 2604 de
188 2535 346 2606 referimus
368 2539 409 2604 sd
434 2538 637 2604 seinvicem.
668 2539 813 2604 Similiter
829 2557 965 2628 geome-

126 2626 208 2692 iriae
229 2649 313 2716 pars·
333 2621 472 2692 matrinia¹
493 2625 524 2690 in
549 2625 800 2730 magnitudinum
830 2646 861 2694 et
885 2627 967 2716 figu-

127 2729 229 2782 ratum
252 2713 456 2784 relationibus
478 2715 637 2786 eonsistrtr
663 2713 786 2798 Musica
810 2715 841 2781 in
863 2719 968 2782 sunoa'

115 2809 194 2873 ium
226 2824 282 2870 seu
310 2796 467 2868 ton'orutii'
495 2801 710 2869 relrltionibus.
742 2803 876 2871 Relatio
903 2816 968 2892 'ap-

127 2891 288 2982 'pellature
308 2891 377 2974 Μ)
396 2887 496 2982 'qnod
503 2893 559 2958 rei
569 2887 793 2961 eurnluienon
802 2896 966 2974 'convenia
