2298 3418
274 143 359 196 suns
381 141 414 194 n
436 141 600 194 uersen-
621 147 703 200 otte.
726 146 755 194 r.
937 153 961 224 2

318 300 665 376 ARTICVLVS
689 300 718 370 1.

180 475 238 548 De
264 482 383 548 mentis
405 478 566 553 humanae
589 478 848 578 spiritualitate.

77 673 235 812 Mem
249 744 388 815 humana
406 761 474 814 est-s
492 744 532 812 td
541 743 632 835 quod
644 748 679 814 in
696 765 883 839 unoquoque
897 773 953 822 sre-

75 848 183 900 strum
199 839 333 924 cogitat.
351 835 381 900 A
396 835 586 900 scholasticis
597 836 695 924 vulgo
708 835 873 906 deliniturs
886 845 956 930 spi·

73 926 168 992 ritas
182 937 314 990 creatus
330 923 554 1012 incompletos.
568 922 641 1000 Qua
656 923 840 994 definitione
854 947 956 998 secer-

74 1011 165 1080 nitur
188 1011 230 1075 ab
247 1011 383 1099 angelo,
406 1029 563 1100 quatenus
588 1032 675 1076 mens
698 1011 835 1080 humana
857 1013 957 1084 desti·

77 1116 156 1162 nata
173 1116 220 1166 cst
233 1099 431 1170 inlormaudo
451 1099 602 1186 corpori,
622 1115 654 1166 et
670 1120 743 1166 cum
759 1123 800 1168 eo
816 1119 956 1192 aptasse

77 1188 275 1253 constituere
285 1205 387 1255 totum
402 1185 642 1267 substantiale,
654 1211 770 1277 nempe
782 1188 957 1262 hominem.

122 1271 173 1340 ΙΙ.
219 1276 280 1342 Pet
317 1297 435 1367 corpus
467 1297 522 1344 seu
555 1278 714 1342 materiam
746 1278 843 1346 intelli
866 1281 957 1352 inausa

75 1365 302 1438 substantiam
327 1385 521 1445 extensam,
550 1365 774 1446 divisibilem,
802 1304 958 1454 taddeam,

74 1475 121 1518 est
152 1452 256 1520 uariis
281 1458 438 1544 partibus
469 1457 642 1522 variarum
660 1451 852 1542 figurarunt
880 1483 961 1527 ccu-

75 1555 219 1607 textam.
240 1543 300 1610 Pet
313 1541 524 1632 spiritualem
539 1563 615 1608 veto
633 1542 836 1608 substantiam
859 1545 960 1613 intel-

74 1629 221 1720 ligimus:
244 1634 465 1699 substantiam
494 1645 661 1720 expertem
687 1637 868 1711 materiae,
900 1657 958 1703 seta

75 1727 416 1809 quaeextegasioncm,
430 1717 962 1800 divisibilitasenteisoliditatette,
1010 1783 1012 1787 ,

75 1806 254 1876 excludat.
268 1809 423 1888 Quaestio
441 1827 487 1876 est
501 1811 613 1896 igitur,
630 1827 737 1872 utrum
751 1806 802 1888 id,
817 1811 908 1899 quod
925 1813 958 1880 in

74 1915 275 1986 unoquoque
293 1918 434 1966 nostrum
454 1897 646 1986 cogitat,‚sit
661 1895 819 1968 subtantia
842 1922 957 1990 expers

75 1988 290 2065 extensionis,
312 1987 553 2064 divisibilitatis,
580 1985 744 2050 soliditatis
761 2005 823 2052 cet.

143 2072 233 2142 lutet
250 2094 370 2144 veteres
392 2076 540 2166 permulti
563 2071 710 2151 luerunt,
736 2077 790 2159 qni
813 2078 958 2148 materia-

75 2162 141 2236 lem
174 2166 308 2232 animam
321 2209 334 2244 ,
361 2183 394 2234 et
423 2165 521 2244 veluti
548 2161 714 2248 quoddam
741 2165 958 2242 tenuissimum

75 2273 199 2340 corpus
218 2247 260 2320 ¹ex
293 2252 504 2320 subtilissimis
529 2249 691 2338 particulis
719 2246 782 2335 igni
809 2252 860 2318 vel
891 2255 958 2320 aeri

76 2339 253 2424 similibus,
280 2343 508 2428 celerrimeque
528 2357 619 2402 motu
643 2335 766 2424 agitatis
785 2340 958 2408 conflatam

75 2427 235 2496 fecerunt.
250 2431 368 2518 Neque
381 2431 475 2498 etiam
486 2426 582 2493 hodie
592 2423 866 2492 desuntincreduli
883 2447 956 2514 pera

12 2561 15 2566 -
76 2518 229 2606 versique
246 2517 408 2601 homines,
432 2515 641 2607 quieumdem
656 2512 956 2601 perniciosissimum

11 2627 14 2632 ·
79 2629 218 2678 errorem
234 2626 390 2675 tueantur.
408 2608 491 2672 Cum
503 2606 562 2690 hac
577 2601 691 2668 nefaria
706 2605 957 2670 senteutiacon-

79 2694 173 2763 fundl
185 2717 248 2760 non
262 2695 451 2764 debetltaud
469 2694 545 2773 satis
559 2708 722 2758 accuratus
732 2690 883 2780 loquendi
893 2715 958 2758 mo·

79 2785 142 2855 dus
159 2808 177 2850 a
192 2787 352 2856 nonnullis
368 2784 574 2872 scriptoribus
589 2778 803 2848 ecclesiasticis
815 2781 958 2869 eliquari.

81 2871 128 2938 do
140 2890 325 2962 usurpatum
335 2873 442 2959 Aliqui
454 2865 545 2938 etiam
561 2871 710 2936 ecclesiae
725 2883 830 2954 patres
846 2869 958 2936 huma-

83 2982 157 3034 ¹uam
173 2965 328 3053 animan,
353 2955 509 3051 angelos,
526 2959 631 3025 Deum
646 2957 751 3041 ipsum
766 2979 882 3044 corpus
898 2977 958 3022 vn·

83 3067 222 3133 meunt,
249 3051 380 3124 sedatio
399 3049 491 3145 plane
514 3065 617 3124 sensu.
629 3043 757 3198 {renim
781 3065 880 3133 quum
902 3046 957 3115 iq.

676 3151 694 3196 2
919 3165 927 3182 .
