2270 3416
141 153 206 222 118
440 180 635 230 uttrmvu.
660 179 795 226 minos.

203 241 286 312 Inde
307 257 413 316 autem
426 251 586 319 derivatur
612 273 688 316 vera
704 249 778 316 boni
792 242 917 312 moralis
936 241 1049 322 notio,

138 328 439 424 inconcussumque.
464 339 713 406 fundamentum.
750 338 875 406 Verum
916 332 1046 397 bonum

138 439 197 507 per
222 442 254 488 se
276 445 446 510 numquam
469 427 638 517 displicere
664 443 787 516 potest,
813 421 867 489 sed
882 443 938 506 per
952 421 1045 485 acci-

138 507 215 574 dens
241 510 423 581 dumtaxat*
443 535 476 582 et
503 540 544 582 ex
569 539 686 583 errore.
714 517 759 581 At
784 531 895 578 contra
917 509 1043 574 bonum

138 617 296 685 apparens
316 624 357 666 ex
376 625 407 669 se
435 605 613 688 molestiam
626 603 740 680 trahit,
756 625 810 690 per
824 599 971 668 accidens
987 619 1046 662 au·

137 702 201 752 tem
218 687 380 754 dumtaxat
405 709 499 760 etzex
513 716 618 760 errore
634 694 759 780 placere
774 693 890 778 potest.
909 686 1045 752 Incons-

138 789 259 842 tantem
285 800 388 846 rerum
405 790 601 850 'terrenarum
620 780 799 848 felicitatem
827 797 926 862 atque
949 775 1044 840 satie-

139 876 237 940 tatem
253 867 302 946 pie
324 885 356 934 et
371 869 531 956 eleganter
555 869 706 937 describit
725 869 913 956 S.=August.
927 862 985 930 lib.
999 881 1042 940 9.

139 949 183 1016 de
208 952 346 1031 confess.
379 979 454 1044 cap.
478 979 510 1024 ι.
526 983 538 1024 t·
566 980 667 1050 quart
695 980 796 1024 suane
824 954 905 1020 milri
939 953 1041 1018 subito

130 1036 269 1120 factum
298 1060 375 1122 est,
403 1067 517 1113 carere
549 1049 772 1114 munientibus
802 1063 991 1132 nugarum,
1012 1052 1042 1105 er

115 1139 116 1144 ’
143 1148 230 1218 qaas
261 1139 439 1212 amittere,
470 1153 574 1202 ruerus
601 1135 743 1217 fimat,
781 1137 847 1198 iant
879 1131 1048 1198 dimittere

136 1216 302 1305 gaudium
332 1236 418 1288 crat.
441 1221 613 1291 Eiicirbas
636 1228 718 1290 enim
744 1245 801 1287 eas
821 1245 844 1286 a
867 1241 938 1296 me,
968 1239 1048 1283 uera

143 1319 177 1370 el
204 1322 241 1373 ta
272 1330 399 1376 summa
425 1316 577 1378 suavitas
603 1313 801 1388 rrrr'cirbas,
828 1323 860 1374 er
892 1308 1044 1372 intrabas

139 1413 204 1480 pru
230 1397 279 1460 eis
314 1401 399 1463 omrai
425 1399 595 1489 uoluptate
618 1399 757 1466 dulcior.
795 1396 860 1476 Qui
896 1395 1045 1460 virtutem

144 1499 317 1564 exercent,
343 1486 463 1554 medios
489 1490 572 1555 inter
589 1488 682 1554 huius
703 1489 786 1553 vitae
808 1483 933 1550 labores
959 1484 1048 1549 beate

105 1571 107 1578 ’
144 1570 260 1637 vivunt
288 1574 516 1665 sinceramque·
535 1577 733 1664 voluptatem
758 1573 966 1663 percipiunt,
993 1589 1050 1638 eos

145 1661 331 1729 consolante
349 1665 434 1731 bona
449 1666 651 1731 conscientia.
670 1664 736 1743 Qui
760 1663 888 1729 scientia
902 1677 1050 1727 ornatum

147 1743 265 1814 habent
281 1751 419 1822 'animum
432 1797 442 1832 ‚
457 1775 488 1820 et
503 1777 577 1821 vere
593 1753 754 1820 scientiam
770 1751 876 1818 amant
889 1771 955 1816 non
968 1748 1050 1814 alio·

147 1855 217 1902 rum
248 1837 362 1904 invidia
390 1861 423 1906 et
449 1842 563 1908 malitia
590 1840 839 1929 perturbantur,
873 1837 930 1919 sed
957 1837 1050 1906 studii

147 1921 308 2006 laborem,
325 1930 537 2017 malignosque
557 1931 737 1996 invidorum
750 1927 913 1994 hominum
929 1947 1051 1994 sermo·

147 2031 202 2076 nes
230 2014 324 2102 longe
355 2036 488 2106 cuperat
519 2019 669 2085 scientiae
699 2016 889 2086 iucunditas.
919 2017 1050 2086 Verum

150 2097 224 2184 quia
254 2125 356 2172 tntum
384 2107 613 2174 mundanarum
636 2106 794 2192 cupiditas
812 2105 907 2172 utenti
922 2121 1050 2170 nostrae

150 2187 293 2258 tenebras
309 2191 464 2275 offundit,
481 2215 514 2262 ct
536 2198 666 2262 mentita
693 2193 769 2260 boni
794 2194 927 2282 imagine
953 2192 1049 2257 corda

150 2297 256 2346 nostra
283 2281 430 2364 seducit,
456 2287 546 2351 enixe
571 2285 643 2349 Deo
673 2281 896 2371 suplicandum
920 2301 989 2358 cst,
1014 2296 1049 2345 ut

150 2364 209 2432 der
221 2409 223 2412 -
233 2393 346 2440 artare
359 2413 381 2451 ‚-
397 2374 487 2462 quod
502 2376 667 2461 praecipit
682 2391 692 2451 ‚·
712 2387 752 2436 ‘rr
778 2373 825 2436 ibi
838 2383 953 2440 nostra
968 2365 1049 2456 fixa

151 2456 219 2522 siut
246 2457 371 2542 corda,
394 2465 453 2530 ubi
477 2476 564 2530 vera.
583 2476 659 2531 surr
676 2455 817 2551 gaudia.
