2270 3416
182 83 246 144 114
463 85 649 138 rasrrrvu·
672 95 821 144 rurum.-
861 130 868 138 -

178 146 244 220 lum
258 151 397 230 videtum
412 154 469 220 sed
485 158 509 222 si
526 155 646 226 bonum
659 183 826 251 appareat,
839 191 931 239 mens
948 195 1083 247 decerta·

177 238 228 304 rio
249 241 477 310 determinatur
499 246 540 310 ad
554 248 642 312 illum
663 259 903 340 appetendum
919 263 945 326 si
975 267 1083 335 malum

176 329 335 408 rideatur,
348 329 426 396 illud
440 337 615 402 necessario
626 359 801 422 aversatur,
812 349 837 412 si
849 368 1027 434 neutrum,
1040 375 1082 424 est

175 417 355 482 necessario
368 417 560 504 indifferens3
574 447 652 514 ergo
664 450 750 514 mens
762 433 902 502 hnmana
910 439 1013 509 libera
1022 466 1078 512 nou

174 521 231 573 est.
249 505 350 592 Resp.
364 506 408 571 N.
422 529 485 594 seq.
502 512 594 592 mai,
611 515 652 581 ad
666 520 754 586 cuius
768 523 999 610 probationem
1011 534 1076 602 dist.

173 594 245 661 mai.
270 594 430 660 obiectum
455 600 555 665 menti
582 601 756 674 exhibitum
779 613 830 676 vel
856 611 922 700 ipsi
950 641 1074 710 apparet

173 695 335 768 tamquam
355 680 476 750 bonurn
490 688 540 752 vel
556 705 715 778 tamquam
736 699 862 778 malurn,
879 706 934 770 vel
950 730 1012 774 nec
1023 709 1073 776 bo·
1104 782 1107 791 ,

171 789 247 836 num
270 791 329 835 nec
349 773 465 838 malurn
480 777 545 854 ita,
561 796 598 844 ut
613 787 811 870 meuspossir
825 790 917 857 aliud
930 793 1069 866 iudicium

170 855 278 935 ferre,
305 859 347 924 C.
372 860 473 944 mai„
504 881 540 928 ut
569 888 634 932 non
660 873 762 958 possit
795 875 887 943 aliter
918 880 1063 966 iudicare,

167 944 214 1010 N.
238 947 310 1012 mai.
337 964 369 1014 et
390 948 463 1016 dist.
482 953 627 1036 ⁸similiter
644 960 738 1041 mim,
751 961 778 1047 si
794 963 964 1036 obiectum
983 976 1061 1040 menri

166 1030 288 1102 bonum
308 1033 450 1124 undique
465 1061 616 1129 appareat
631 1046 694 1130 ita,
711 1069 746 1130 ot
763 1052 851 1118 aliter
865 1056 1012 1128 iudicare
1022 1087 1065 1130 ne·

100 1167 103 1172 .
166 1143 287 1210 queat;
311 1128 488 1192 necessario
506 1130 731 1220 determinatur
745 1139 787 1204 ad
807 1141 896 1208 illum
917 1168 1067 1238 appeten-

165 1213 256 1282 dum.
270 1213 334 1289 C.,
364 1216 388 1276 si
410 1237 497 1282 mens
518 1218 610 1285 aliter
629 1222 769 1308 iudicare
790 1233 917 1316 possit,
931 1259 1067 1306 necessa·

164 1301 211 1364 tio
237 1299 463 1370 determinatur
482 1305 522 1370 ad
546 1307 627 1374 illud
652 1316 898 1401 appetendum,
920 1323 974 1390 N.
998 1329 1060 1394 min.

163 1403 196 1456 et
218 1407 309 1452 cons.
331 1386 447 1477 Itaque
471 1394 497 1458 si
520 1394 681 1464 obiectum
709 1401 838 1488 aliquod
858 1413 958 1476 menri
987 1417 1060 1481 erhi-

161 1473 274 1558 beatur
309 1493 471 1562 tamquam
501 1483 716 1571 undequaque
750 1489 898 1574 latinum,
939 1523 1003 1570 nec
1036 1507 1063 1572 in

160 1579 322 1651 potestate
337 1569 458 1634 animae
486 1571 524 1634 sit
555 1575 605 1637 vel
633 1575 781 1644 iudicium
804 1603 894 1647 suum
918 1587 963 1655 de
985 1593 1065 1660 boni·

158 1668 226 1730 tate
241 1651 356 1718 obiecti
369 1655 584 1744 suspendere,
599 1662 649 1726 rel
663 1667 779 1732 malum
801 1669 873 1735 huic
884 1675 1062 1748 admixtum

157 1741 343 1832 percipere,
371 1744 422 1807 vel
446 1741 529 1812 idern
556 1769 632 1814 cum
659 1756 766 1819 naaioti
789 1756 878 1824 bono
901 1764 1062 1852 conferre,

156 1844 226 1894 tum
251 1849 337 1894 niens
363 1830 525 1896 obiectum
552 1832 629 1902 illud
654 1847 830 1922 necessario
854 1855 999 1937 appetit.
1017 1861 1062 1926 Sic

155 1916 238 1982 beati
255 1920 286 1982 in
305 1919 398 1984 coelo
417 1943 517 2007 quum
543 1923 576 1986 in
605 1927 680 1994 Deo
703 1931 870 2002 clarissime
891 1961 931 2004 ac
955 1949 1061 2012 certis·

154 2006 231 2069 rime
267 2005 397 2084 videant
435 2029 586 2076 summam
619 2013 865 2104 perfectionem,
903 2049 1059 2102 summum

154 2092 302 2170 bonum;
328 2095 453 2162 nullum
481 2121 559 2164 vero
585 2104 701 2169 malum
730 2131 789 2174 nec
811 2117 910 2180 mains
938 2119 1057 2189 bonum

152 2181 211 2248 sibi
235 2202 472 2269 repraesentare
491 2190 636 2269 possint,
663 2193 769 2282 Deum
786 2222 894 2269 amore
916 2227 1058 2278 necessa·

149 2273 199 2338 rio
221 2291 470 2360 prosequuntur.
487 2276 532 2342 At
556 2277 714 2346 obiectum
740 2290 954 2376 particulare,
968 2298 1059 2384 quod

149 2359 243 2426 uobis
267 2359 388 2427 bonurn
415 2381 573 2450 apparet,
590 2387 656 2432 non
670 2377 844 2440 necessario
859 2382 924 2447 tale
938 2386 1056 2454 iudica·

148 2465 226 2526 tur,
252 2449 327 2531 quia
343 2449 394 2516 vel
409 2449 560 2516 iudicium
583 2473 727 2523 nostrum
754 2462 797 2529 de
816 2465 896 2533 illius
909 2469 1054 2546 bonitate

146 2535 367 2622 suspendere,
391 2539 443 2602 vel
468 2540 563 2604 etiam
588 2546 704 2610 malum
729 2549 860 2640 aliquod
886 2557 917 2621 iu
944 2585 985 2628 eo
1005 2565 1052 2632 de

146 2639 256 2710 tegere
266 2671 277 2700 ,
299 2624 349 2689 vel
365 2627 462 2692 maius
485 2627 606 2696 bonur'u
625 2655 733 2700 verum
749 2657 806 2705 aut
820 2664 977 2731 apparens
994 2673 1050 2718 no-

139 2709 195 2774 .bis
210 2728 445 2794 repraesentare
465 2731 652 2799 possumus,
675 2745 712 2788 ac
734 2728 868 2811 proinde
893 2735 972 2803 illud
986 2762 1049 2808 non

141 2797 321 2864 necessario
348 2800 540 2882 appetimus.
567 2803 660 2871 Idem
692 2819 902 2898 proportione
925 2845 1047 2896 servata

143 2883 315 2950 dicendum
343 2899 390 2948 est
408 2884 448 2949 de
475 2886 624 2971 obiectu,
638 2897 728 2979 quod
749 2904 863 2967 malurn
879 2909 974 2976 nobis
990 2937 1048 3004 ap-

140 2987 233 3056 paret
243 2983 267 3049 ,'
280 2969 332 3034 rel
354 2969 562 3055 indifferens,
583 2978 640 3060 ita,
658 2999 696 3048 ur
712 2989 867 3073 possimus
885 3003 1047 3072 transiret
