2300 3506
219 145 265 192 aa
460 123 658 196 tuen-tuum
682 137 816 196 nultos.

218 215 308 280 tione
322 241 330 280 ε
344 215 443 282 Deus
453 235 507 283 *ert
521 223 625 287 iustus
641 245 650 285 e
677 220 853 284 subiectum
866 231 916 282 est
941 217 1062 300 Druse·

215 301 441 456 praedicatum
448 309 599 385 iustitia,
612 329 694 396 quae
710 308 781 372 Deo
795 305 961 383 tribuitur;
979 315 1051 378 reu

242 414 291 456 um
307 407 410 457 autern
433 393 661 461 substtiutivum
678 412 749 472 est,
774 395 887 459 dcitur
914 394 1063 480 copulas

215 501 281 568 qua
305 479 495 570 significatur
517 483 590 551 Deo
613 485 713 551 inesse
729 483 889 548 iustitiam.
911 486 1049 550 subiec-

214 584 282 634 tum
311 588 343 636 et
384 572 599 658 praedicatum
631 575 789 638 communi
827 573 952 636 nornine
983 597 1047 638 vo·

214 677 327 724 eantur
363 661 589 750 propositionis
612 667 744 727 termini
753 691 764 740 ·‚
787 669 848 732 seu'
880 684 1045 743 extremar

213 745 390 814 subiectum
419 769 523 818 autem
550 756 650 816 minor
675 757 830 815 terminus
853 753 1044 835 appellatum

213 837 431 926 praedicatum
466 846 568 906 maior
596 845 755 905 ruminus
779 841 902 904 dicitur.
920 837 1045 924 ltaque

209 931 388 1016 propositio
408 946 457 994 est
474 956 481 994 e
509 933 691 996 enuntiatio
707 975 716 1006 ‚
731 933 796 993 sive
817 931 942 1002 oratio,
975 943 1043 1015 qua

207 1015 442 1102 praedicatum
467 1019 508 1082 de
536 1021 649 1106 aliquo
682 1020 827 1082 subiecto
853 1011 1049 1099 affirmatum

211 1102 266 1167 vel
288 1122 438 1194 negatur.
460 1107 558 1170 Porro
585 1127 710 1173 necesse
735 1121 894 1180 nonest,
918 1125 1045 1189 propo*

212 1192 357 1260 sitionem
389 1195 562 1282 quamlibet
592 1213 737 1259 constare
767 1192 865 1258 tribus
893 1196 1050 1276 expressis,

211 1282 375 1346 vocabulis
391 1327 399 1359 ,
424 1307 537 1370 nempe
553 1283 697 1348 subiecto
713 1329 721 1358 ‚
740 1281 920 1366 praedicato
936 1299 966 1345 et
981 1303 1043 1348 co-

210 1369 298 1456 pula.
327 1371 473 1438 Vnicum
488 1372 570 1438 enim
592 1372 723 1436 verbum
740 1391 848 1457 gerere
870 1387 977 1455 potest
992 1371 1045 1433 vi-

210 1475 264 1524 ces
300 1457 442 1524 attributi
469 1479 501 1526 et
528 1461 700 1547 copulae3
731 1461 772 1522 ira
808 1457 886 1524 dum
917 1455 1044 1524 diciture

209 1543 310 1612 Mens
324 1556 470 1637 rugitum
498 1548 677 1638 propositio
701 1546 754 1622 illa
781 1545 854 1610 huic
880 1545 970 1638 alteri
986 1569 1043 1612 ae:-

210 1635 350 1722 quivalet
367 1663 376 1701 2
393 1635 557 1702 Mensest
574 1641 733 1726 cogitans·
899 1692 901 1696 .

254 1721 302 1788 11.
349 1726 379 1788 Si
393 1726 569 1809 propositio
582 1729 685 1811 aliqua
697 1727 735 1787 sit
748 1745 805 1807 per
819 1743 853 1788 se
866 1739 955 1798 nota,
965 1741 1023 1788 tun
1052 1795 1055 1802 Ἰ

209 1813 283 1875 satis
301 1828 351 1876 est
366 1854 376 1888 ,
394 1815 542 1876 terminus
565 1812 740 1877 immediate
755 1813 835 1876 inter
858 1832 890 1876 se
905 1833 1044 1898 compa·

209 1901 281 1962 rati.
304 1899 413 1977 Quare
438 1901 461 1963 si
480 1903 729 1989 propositionem
748 1901 884 1986 aliquam
902 1901 1042 1986 proban·
1138 1979 1139 1987 ἵ

209 1983 282 2052 darn
310 1988 520 2074 suscipimus,
548 1991 616 2054 sola
642 1989 844 2054 terminorum
872 2009 1043 2076 compara·

206 2073 295 2142 tione
323 2099 392 2142 eam
418 2078 599 2146 evidentem
640 2098 705 2141 non
730 2097 798 2142 esse
828 2093 981 2162 oportet,
1005 2099 1047 2142 ae

207 2165 344 2251 proinde
369 2165 566 2232 obscuritate
593 2166 698 2252 aliqua
727 2163 862 2228 laborat.
880 2165 965 2230 Hinc
992 2167 1041 2244 fit,

207 2267 243 2316 ut
257 2253 399 2320 adhiberi
415 2257 515 2332 soleat
529 2257 638 2320 tertius
655 2251 767 2341 aliquis
792 2253 944 2320 terminus
962 2297 971 2331 ‚
987 2256 1042 2341 qui

205 2342 332 2411 medius
346 2365 492 2409 vocatur.
520 2344 583 2408 Hic
606 2365 720 2429 nempe
742 2342 855 2408 tertius
866 2365 939 2408 cum
953 2342 1042 2408 duo-

206 2427 265 2495 bus
288 2431 354 2498 aliis
374 2429 514 2497 terminis
540 2451 771 2518 comparatur,
799 2450 838 2496 ex
862 2453 926 2516 qua
945 2453 1040 2496 com-

206 2521 370 2606 paratione
393 2520 472 2586 inter
487 2541 541 2586 eos
559 2518 765 2586 necessariam
789 2538 853 2582 esse
870 2522 1043 2586 connexio·

205 2627 278 2672 nem
307 2607 495 2696 colligimus.
525 2608 687 2694 Exemplo
715 2608 753 2671 sit
783 2603 860 2672 haec
886 2608 1044 2693 quaestio:

206 2711 313 2760 utrum
337 2701 448 2763 anima
463 2701 508 2762 sit
528 2693 749 2762 immortalite
771 2716 834 2758 vox
856 2699 966 2760 anima
981 2700 1043 2761 mi·

205 2804 265 2850 not
280 2785 431 2850 terminus
448 2830 458 2863 ‚
475 2783 670 2851 immortalis
688 2804 764 2849 vero
785 2782 885 2847 maior
901 2801 950 2850 est
968 2807 978 2862 ς
993 2783 1043 2852 hie

206 2876 399 2962 potestesse
423 2874 545 2944 medius
563 2919 573 2959 ,
599 2871 690 2968 quod
708 2886 758 2946 est
785 2870 989 2963 spiritualer
1012 2891 1046 2948 et
