2270 3416
157 69 222 135 roll
429 89 605 140 tuntum·
626 91 762 139 mltos.

151 171 240 224 actus
255 159 299 224 ita
308 207 319 238 ,
336 173 372 223 ut
387 183 441 226 eos
458 183 576 248 ponere
591 163 690 244 possit
710 161 760 226 vel
779 181 842 224 non
866 178 999 246 ponere
1015 155 1064 223 ad

151 245 295 325 libitum,
319 251 408 335 quod
429 250 508 314 citra
531 249 771 315 indifferentiam
786 250 899 314 saltem
913 267 1062 332 contra-

152 336 295 400 dictionis
317 336 447 427 intelligi
469 341 597 423 nequitt
622 361 650 403 e.
668 360 700 426 g.
722 357 758 402 ut
776 338 898 426 possim
913 334 1059 400 scribere

151 425 202 488 vel
215 445 280 488 non
297 426 451 502 scriberet
469 426 524 492 sed
541 427 667 493 minime
683 447 808 492 necesse
826 444 897 504 est,
915 443 957 488 ut
974 445 1059 510 pos-

149 511 207 576 sim
223 513 358 580 scribere
373 516 423 579 vel
439 517 551 604 legere.
576 515 606 579 Si
621 517 702 581 enirn
718 537 782 580 non
797 514 954 579 adessent
973 511 1054 588 libri,

150 601 254 689 legere
270 623 333 665 non
349 625 494 689 possem,
513 620 546 670 et
566 619 679 670 tamem
698 603 823 687 possein
842 603 989 666 scribere
1004 600 1054 666 vel

150 711 215 754 non
230 689 382 769 scribere,
405 695 430 756 si
450 695 624 758 necessaria
641 690 712 756 mihi
728 709 828 758 essent
852 693 1052 754 instrumen-

150 795 195 843 ta.
209 774 248 842 ln
259 777 320 842 hoc
337 803 412 868 ergo
428 803 503 846 casu
521 803 584 845 non
601 802 702 846 essem
714 779 793 847 libet
806 778 848 844 ad
863 780 1045 866 legendum,

150 864 213 929 hoc
229 869 288 944 est,
305 889 368 930 non
387 869 532 936 haberem
549 867 607 934 sub
625 869 686 932 hoc
703 863 849 956 respectu
869 867 1042 931 libertatem

150 955 379 1022 contrarietatis
391 981 405 1035 ;’
422 957 477 1024 se'd
491 959 575 1022 *liber
596 955 702 1023 essem
710 957 751 1022 ad
767 955 979 1021 scribendum
1001 951 1044 1018 rel

150 1063 216 1108 non
244 1043 442 1111 scribendum
473 1046 617 1112 libertate
646 1045 927 1124 contradictionis,
954 1063 1049 1130 atque

151 1132 245 1198 etiam
255 1137 490 1200 ,contrarietatis
506 1132 564 1198 sub
579 1134 640 1199 alio
656 1154 820 1224 respectu,
834 1155 865 1196 v.
880 1155 914 1221 g.
929 1133 955 1196 si
974 1151 1051 1220 pot·

153 1241 217 1286 tem
234 1221 369 1287 scribere
385 1225 435 1288 vel
452 1222 655 1292 deambulare
670 1241 724 1286 aut
739 1223 838 1310 loqui.

196 1305 277 1372 Xll.
325 1310 374 1374 Eu
395 1312 442 1375 his
464 1313 610 1376 omnibus
631 1310 809 1400 colligitur,
831 1306 975 1373 liberum
1000 1327 1046 1372 ar·

151 1395 281 1462 bitrium
305 1419 359 1465 seu
382 1399 561 1466 libertarent
584 1399 770 1477 electionis,
796 1397 877 1484 qu'ae
899 1397 998 1460 nobis
1013 1393 1052 1458 ad

152 1488 336 1554 merendum
355 1491 526 1555 necessaria
541 1506 608 1566 est,
625 1486 808 1554 facultatem
822 1507 887 1551 esse
902 1489 1052 1550 activam

154 1593 187 1642 ct
200 1573 461 1664 ,indifferentem
485 1579 631 1641 Activam
652 1576 804 1660 quidem,
827 1574 901 1661 quia
930 1594 1052 1660 possu-

153 1684 222 1726 mus
238 1686 328 1752 agere
343 1668 391 1730 vel
409 1687 473 1729 non
486 1687 599 1753 agere,
612 1663 839 1730 indifferentem
857 1683 957 1739 vero,
975 1661 1051 1749 quia

153 1751 196 1816 sic
219 1774 276 1816 nos
292 1749 388 1819 elticit
404 1771 532 1818 actuum
549 1771 730 1818 nostrorum
746 1751 909 1828 dominos,
935 1768 974 1813 nt
998 1770 1050 1815 eos

154 1839 196 1908 ad
210 1839 335 1907 libitum
350 1856 483 1929 *ponere
508 1844 558 1908 vel
583 1842 791 1928 suspendete3
816 1839 881 1903 into
906 1838 1051 1922 aliquan·

156 1930 200 1994 do
217 1931 319 1996 varias
337 1933 496 1998 actionum
513 1930 632 2017 species
648 1931 760 1996 elicere
776 1928 945 2018 possimus.
970 1926 1052 1989 Evi-

156 2018 234 2082 dens
255 2039 361 2086 autern
382 2038 448 2098 est,
471 2021 558 2085 liberi
580 2019 698 2084 arbitrii
722 2019 872 2104 originem
895 2034 1051 2100 reperen-

157 2104 230 2172 dam
252 2127 318 2173 esse
342 2132 359 2173 a
380 2128 490 2174 natura
511 2108 630 2172 animae
654 2107 833 2181 rationalis,
854 2125 939 2193 quae
962 2103 1050 2167 nullo

157 2192 214 2259 nisi
238 2215 358 2262 summo
382 2197 530 2262 bonoad
555 2194 749 2273 volendum,
777 2195 862 2258 nulla
886 2191 943 2254 nisi
968 2192 1050 2255 clara

156 2289 366 2372 perceptione
383 2283 640 2352 adiudicandum
652 2281 834 2350 necessario
857 2279 1048 2346 determina·
1095 2281 1100 2292 '

157 2389 221 2438 tur·
239 2372 342 2441 Vnde
356 2373 439 2440 bona
455 2375 540 2437 finita
555 2373 744 2460 perlustrare
770 2388 897 2459 potest,
914 2385 948 2432 et
964 2368 1047 2432 bono

88 2479 92 2488 ’
154 2459 265 2547 aliquo
284 2463 427 2550 neglecto
443 2463 482 2528 ad
497 2462 581 2526 aliud
594 2484 627 2527 se
638 2481 822 2529 convertere
831 2507 841 2538 ,
859 2459 968 2544 inqua
985 2478 1048 2544 po·

160 2565 275 2616 testate
291 2550 378 2616 liberi
394 2551 516 2615 arbitrii
541 2551 586 2614 vis
609 2549 765 2615 consistit.

202 2635 303 2702 Xlll.
349 2639 406 2702 His
421 2643 465 2702 ita
481 2638 661 2703 constitutis
677 2633 795 2724 aliquid
811 2631 994 2700 addendum
1010 2630 1049 2697 de

160 2727 343 2810 quaestione
370 2723 508 2791 celebri:
535 2747 639 2810 quare
659 2723 751 2808 fiat,
775 2738 811 2788 ut
832 2743 921 2796 ment
942 2717 1046 2784 libera

160 2810 212 2876 ad
229 2811 412 2901 quidpiam,
427 2812 597 2877 volendum
614 2811 816 2878 adducatur.
839 2807 1049 2892 Respondent

161 2901 279 2986 vulgo,
295 2915 429 2964 mentent
454 2920 507 2963 seu
531 2902 728 2964 voluntatem
745 2897 860 2962 adduci
877 2897 990 2960 ultimo
1003 2897 1050 2958 iu·

163 2981 246 3052 dicio
266 2983 453 3051 intellectus
472 2991 633 3073 practici,
652 2985 852 3052 Intellectum
880 2983 1051 3072 practicam
