2300 3506
198 115 220 179 8
318 163 321 170 .
449 129 624 178 rusarnvr·
646 109 783 180 ttittos.

194 199 538 270 tt'animas'humanas
562 224 626 266 oon
651 224 720 269 esse
749 200 876 267 entiaa
899 223 952 279 se,
976 217 1036 274 tel,

222 293 328 378 ropria
352 293 469 358 virtute
494 313 557 354 non
578 289 713 358 existere
749 307 783 356 et
817 311 1033 375 perseverare.

194 313 335 446 hecesse
359 400 407 446 est
429 402 526 469 ergo,
551 399 717 444 uteorum
740 399 902 444 auctorem
924 378 1034 444 Deum

193 489 422 555 agnoscamus,
446 470 536 532 cuius
561 471 703 555 potentia
725 489 896 555 utrumque
912 468 1055 543 entium,

94 633 96 638 ¹
196 579 294 643 genus
320 556 513 643 productum
540 555 611 622 suit.
639 557 849 644 Entia'igitur
879 577 959 644 quae
990 553 1035 620 ad

194 647 407 730 nosmetipsos
443 646 641 712 advertendo
669 648 915 732 cognoscimus,
958 659 1036 708 sunt

193 733 304 809 Deus,
331 736 450 800 animae
473 733 627 799 humanae
653 755 683 798 et
708 755 883 818 corpora„

260 821 467 910 Quapropter
490 843 553 888 tres
575 823 818 888 constituendae
835 836 905 884 sunt
922 817 1035 906 philo-

194 911 327 996 sophiae
344 932 448 999 partes
465 912 643 999 generales,
659 934 791 996 quarum
808 932 869 974 una
886 908 927 972 de
940 909 1031 986 Deo;

197 1001 296 1063 altera
319 1000 359 1065 de
379 1003 479 1064 anima
499 1000 654 1074 humana,
685 1018 716 1065 et
733 999 828 1063 tertia
849 1000 889 1063 de
910 1017 1035 1082 corpo-

197 1087 284 1151 ribus
301 1088 440 1152 disserat.
469 1089 514 1152 Ea
528 1109 598 1173 pars
618 1086 859 1176 philosophiae,
887 1107 968 1172 quae
989 1084 1035 1150 de
1105 1085 1106 1088 ’

195 1173 269 1240 Deo
284 1179 365 1261 agit,
389 1174 549 1264 theologia
566 1176 731 1240 naturalis
747 1195 897 1251 vocatur,
919 1190 1032 1256 estque

198 1283 225 1326 st
236 1267 336 1328 ientia
351 1286 475 1340 eorum,
504 1285 587 1353 qnae
603 1269 636 1328 in
653 1263 724 1328 Deo
738 1282 835 1342 sunt,
861 1279 894 1328 et
910 1281 1034 1338 eorum,

197 1369 284 1438 quae
300 1373 363 1438 per
392 1351 500 1416 Deum
516 1350 607 1435 fiunt
636 1349 689 1414 vel
707 1349 791 1435 fieri
813 1364 944 1440 posunt.
974 1345 1050 1413 Illa

199 1457 281 1523 quae
308 1442 338 1503 in
364 1439 433 1504 Deo
454 1460 550 1519 sunt,
580 1439 732 1505 attributa
753 1441 804 1504 vel
825 1435 1038 1525 perfectiones

200 1527 322 1593 divinae
347 1527 516 1606 dicunrur;
549 1550 631 1616 quae
643 1526 748 1597 antem
763 1528 793 1588 vi
809 1527 921 1592 horum
938 1525 1036 1590 attri-

199 1613 351 1680 butorum
366 1640 383 1680 a
401 1619 471 1682 Deo
496 1619 557 1681 lieri
581 1637 671 1703 posse
693 1616 930 1702 intelliguntur,
960 1631 1039 1696 sunt
1108 1659 1109 1663 =

198 1700 300 1788 ipsius
322 1705 392 1769 Deo
417 1705 643 1790 operationes,
669 1706 755 1770 velut
778 1705 894 1770 creatio
912 1718 942 1767 et
957 1721 1037 1766 con-

198 1791 337 1856 servatio
361 1793 506 1856 universi.
533 1793 608 1856 Pars
624 1791 675 1857 illa
694 1791 933 1880 philosophiae,
950 1812 1037 1877 quae

200 1877 240 1944 de
265 1880 364 1942 anima
391 1878 479 1966 agit,
501 1901 647 1968 quaeque
677 1897 721 1947 est
748 1883 885 1947 scientia
912 1899 1037 1957 eorum,

154 1980 157 1999 ³
200 1985 285 2054 quae
304 1971 337 2029 in
361 1970 474 2032 anima
495 1983 590 2046 sunt,
616 1985 676 2033 aut
696 1989 781 2056 quae
797 1989 860 2057 per
892 1970 1036 2032 animam

165 2121 169 2134 ‚
199 2076 270 2120 esse
282 2071 420 2143 possunt
430 2104 441 2135 ,
456 2074 605 2120 tractatus
623 2057 662 2122 de
677 2058 798 2134 anima,
814 2056 854 2120 ab
869 2057 933 2120 aliis
951 2051 1038 2142 Psy'-

199 2140 347 2231 chologt'a
369 2163 581 2233 nuncupatur.
605 2143 823 2210 Ptreumcrtica
839 2166 916 2210 veto
932 2164 1035 2232 gene—
1057 2185 1061 2192 ‹

199 2230 292 2294 ratim
326 2234 504 2318 appellatur
534 2237 710 2318 spirituum
739 2236 902 2310 scientia,
932 2253 1036 2318 eaque

198 2321 420 2404 complectitur
442 2322 634 2406 theologiam
649 2322 848 2398 naturalem,
865 2339 1035 2385 tractatum

199 2406 240 2474 de
261 2409 382 2484 attima,
404 2427 500 2494 atque
530 2410 623 2474 etiarn
657 2432 779 2496 pauca,
811 2429 892 2493 quae
920 2409 1037 2477 lumine

199 2497 332 2561 naturali
356 2495 394 2562 de
417 2496 533 2585 angelis
557 2500 712 2562 novimus.
738 2498 827 2563 Haec
842 2514 946 2560 antem
963 2515 1035 2581 pars

198 2583 307 2650 ultima
330 2584 369 2648 ad
393 2583 626 2671 philosophiam
642 2589 777 2674 ¹proprie
799 2607 863 2648 non
885 2587 1037 2668 pertinet.

198 2669 292 2750 Quae
315 2671 396 2740 enirn
420 2671 460 2738 de
483 2676 599 2762 angehs
628 2675 744 2739 lumine
770 2673 936 2738 naturalia
955 2671 1034 2758 plri-

196 2757 337 2849 losophis
362 2763 512 2850 disputari
528 2763 651 2839 solent,
669 2765 699 2825 in
716 2765 804 2828 meris
822 2757 886 2826 fere
902 2763 1035 2826 coniec-

191 2851 268 2924 turis
291 2869 468 2938 vertantur:
493 2872 576 2942 quae
599 2869 705 2921 autem
729 2850 769 2919 de
791 2850 827 2916 iis
852 2847 950 2918 docet
973 2869 1038 2932 ren,
1130 2831 1131 2852 ἶ
