2258 3428
263 143 347 206 nant
368 155 394 204 t.
420 135 578 204 testeus.
602 141 679 202 nnn.
704 153 748 204 tt.
880 159 927 232 93

74 226 185 306 vent3
211 227 359 305 animal,
383 226 493 303 homo,
516 239 591 290 sunt
605 223 743 314 gradus,
770 243 828 315 per
841 247 924 316 quos

77 319 126 382 ad
147 317 307 383 Socratem
328 337 428 404 usque
447 331 531 381 recta
553 313 798 392 descendimus,
828 333 924 382 sunt*

45 465 48 469 .
80 427 147 492 que
168 405 286 494 gradus
311 405 355 468 illl
379 407 478 469 instar
500 403 604 467 trunci
629 403 749 467 arboris
769 404 926 498 porphy-

82 497 197 560 rianae.
231 492 463 568 Differentiae,
489 511 572 578 quae
595 493 846 580 unumquodque
869 517 925 584 ge.

80 604 138 648 uus
164 581 344 659 dividunt,
372 599 408 646 ut
424 599 613 670 corporeum
633 597 666 646 et
690 585 923 684 incorporeum,

77 691 152 737 sunt
173 671 278 736 veluti
299 669 376 735 rami
392 669 474 736 illius
498 667 645 746 arboris,
673 669 714 736 de
729 671 846 758 quibus
863 669 927 736 dll-

75 759 226 826 ferentiis
254 758 430 848 praecipua
454 759 599 842 quaestio
624 756 802 822 in·scholis
827 763 925 826 verti·

77 865 164 928 tur,
207 870 249 913 au
275 848 366 914 realis
390 849 468 911 inter
494 867 546 914 eas
575 863 607 910 et
636 867 781 936 genera,
814 865 851 912 nt
877 849 925 914 in-

77 955 130 1002 ter
166 937 323 1003 rationale
354 953 386 1003 et
409 935 522 1000 animal
547 933 724 1000 intercedat
752 935 925 1018 distinctio,

80 1047 125 1090 au
153 1025 325 1102 discrimen
346 1045 440 1089 omne
468 1046 486 1087 a
515 1041 620 1090 mente
644 1040 749 1089 nostra
776 1023 924 1093 ducatur.
993 1085 999 1094 .

140 1113 212 1188 ·Vt
237 1133 314 1180 vero
340 1112 421 1177 hanc
451 1113 667 1200 quaestionem
692 1113 838 1180 distincte
863 1137 928 1181 ex·-

81 1201 266 1292 plicemus‚
293 1219 397 1266 rerum
420 1218 546 1266 naturas
567 1199 704 1290 duplicis
726 1203 844 1290 generis
860 1205 926 1270 dis-

79 1291 287 1380 tinguimus,
313 1288 389 1354 alias
417 1287 607 1376 simplices,
634 1311 714 1375 qnae
743 1312 806 1354 non
831 1311 927 1359 cont-

79 1397 154 1445 tant
180 1375 329 1468 partibus
358 1379 440 1443 inter
470 1400 502 1444 se
531 1377 655 1444 realiter
681 1379 864 1459 distinctis,
890 1400 928 1449 ttt

82 1471 214 1545 animat
245 1469 319 1533 alias
337 1471 556 1554 compositas,
585 1487 666 1550 quae
681 1484 830 1532 constant
850 1491 927 1556 par-

83 1555 172 1622 tibus
188 1556 309 1622 realiter
320 1557 400 1622 inter
413 1577 446 1620 se
459 1554 613 1619 distinctis
628 1601 637 1630 ‚
662 1571 699 1616 nt
713 1553 810 1618 horno
826 1577 927 1622 cons-

87 1659 161 1708 tant
183 1665 319 1730 corpure
332 1663 372 1722 ,et
387 1643 501 1710 anima.
528 1643 679 1708 Praesens
695 1643 837 1730 quaestio
863 1667 926 1712 ret-

89 1731 187 1820 tringi
221 1731 313 1797 debet
343 1733 385 1800 ad
418 1731 533 1820 gradus
565 1730 803 1822 metaphysicos
833 1735 926 1798 nnius

92 1835 126 1886 et
147 1820 286 1886 eiusdem
308 1821 460 1906 simplicis
477 1838 608 1886 naturae
630 1841 684 1885 sen
711 1821 765 1888 rel.
794 1820 883 1888 Nam
899 1825 926 1888 sl

87 1927 203 2000 agatur
223 1911 261 1976 de
275 1907 455 1998 composita
475 1932 512 1974 ex
534 1907 674 1996 pluribus
694 1909 836 1996 partibus
858 1935 927 1981 rea-

85 1999 159 2066 liter
183 1999 364 2083 distinctis,
390 2015 427 2062 ut
450 2016 523 2062 sunt
549 1999 579 2062 in
606 1998 730 2063 homine
752 2021 870 2086 corpus
892 2019 926 2070 et

85 2089 218 2166 anima,
247 2106 336 2153 extra
359 2107 485 2152 ornnem
509 2085 756 2152 controversiam
788 2089 928 2173 positum

87 2193 137 2244 est
149 2223 161 2256 ,
186 2176 304 2264 'gradus
326 2173 560 2264 metaphysicos
583 2175 675 2239 unius
698 2175 794 2260 partis
818 2177 935 2258 distin-¹

83 2267 141 2356 gui
167 2263 296 2332 realiter
323 2286 340 2330 a
370 2265 519 2353 gradibus
541 2259 764 2352 metaphysicis
786 2265 925 2348 alterius,

83 2377 141 2420 sen
157 2353 370 2439 perfectiones
389 2353 533 2443 corporis
553 2371 702 2420 noneste
715 2349 839 2419 realiter
854 2375 926 2443 pet·
982 2363 985 2369 '

85 2441 241 2510 lectiones
267 2443 392 2510 neuris.
721 2451 723 2457 ’

348 2637 351 2644 ’
371 2618 653 2692 CONCLVSIO.
673 2621 676 2627 '

82 2802 241 2867 Gnanvs
278 2815 517 2889 nuerntnrstot
548 2817 659 2864 vntvs
692 2815 740 2863 nu
769 2817 931 2880 ntvsuun

88 2913 92 2920 ·
136 2908 312 2958 srnrurors
331 2907 522 2985 assentite
536 2907 611 2954 nott
626 2905 931 2964 ursnsnevvnuvn
