2326 3438
205 153 282 250 ado·
335 163 336 170 ’
438 175 642 226 »rnsrrrvm
676 177 841 226 antron?
879 179 889 204 ἰ
959 245 962 251 „

205 253 313 322 dnbio
336 248 469 318 haerete
498 265 617 338 potest.
649 246 940 318 Huiusmodi'sutrt
958 248 1061 314 axio²

204 363 302 410 mata.
354 411 358 420 ,
1025 353 1058 388 ⁵1

213 469 217 488 ι
276 428 403 518 Regula
422 447 473 492 ιι.
494 424 578 492 Post
600 421 806 510 definitiones
820 419 1064 514 clare-propo&

212 517 402 586 uidebant
431 520 628 599 axiomata,
659 539 704 583 aa
733 517 851 607 quibus
877 517 1067 582 ratiocinia

206 606 406 676 'deducenda
428 620 516 670 stent.
985 651 991 658 -
1050 638 1055 650 ι

267 696 408 760 Dantur·
422 691 686 784 propositiones,
708 713 794 782 quae
815 695 970 758 axiomata
985 711 1064 760 nott
1157 761 1158 768 ,

207 803 308 861 sunt,
334 784 390 850 sed
414 803 479 874 pro
501 784 542 850 iis¹
560 803 786 869 usurpantur,
808 781 898 869 qood
925 781 1060 867 quidem

208 875 239 938 in
266 873 410 961 pluribus
438 869 656 936 occasionibus
679 871 886 938 necessarium
901 888 961 936 est.
981 869 1057 936 Ta.-

205 963 250 1030 les
263 963 496 1050 propositiones
505 980 621 1024 vocare
634 964 1059 1047 possumusaxiomatares-

199 1043 365 1143 pectina,
395 1071 480 1139 quae
501 1048 632 1134 quidem
659 1071 725 1112 nort
749 1067 823 1114 sunt
853 1049 1056 1136 propositio·
1159 1093 1160 1130 p

206 1163 262 1206 nes
287 1155 344 1230 per
372 1161 406 1206 se
434 1135 638 1215 manifestae,
653 1138 708 1202 sed
734 1137 796 1217 iis,
816 1135 930 1224 quibos
950 1136 1057 1202 ratio*
1159 1131 1160 1172 i

129 1237 138 1248 ‘
206 1229 288 1295 cirria
306 1245 417 1292 nostra
430 1227 642 1316 proponimus
658 1225 861 1314 ,plenissime
876 1243 994 1304 notares
1009 1226 1057 1294 ira

205 1336 245 1382 ut
269 1318 382 1383 inutile
407 1313 491 1380 foret
506 1315 560 1379 has
579 1313 811 1382 demonstrare.
831 1315 911 1380 Non
933 1335 1058 1402 semper
1159 1311 1160 1324 ¹

206 1408 316 1473 omnia
329 1427 368 1472 ex
380 1403 488 1492 primis
502 1403 664 1494 principiis
674 1405 788 1470 deduci
799 1419 945 1492 possunt.
955 1405 1059 1470 Scien-

207 1498 271 1561 tiae
284 1495 442 1582 quaedam
454 1494 529 1559 aiias
544 1495 778 1580 propositiones
789 1515 847 1580 pro
863 1488 1060 1559 fondamen-

205 1600 242 1671 to
261 1584 403 1661 habent,
427 1605 510 1671 quas
534 1599 625 1647 notas
650 1582 717 1648 aliis
733 1585 953 1671 supponimus.
973 1582 1056 1660 Nou

207 1673 339 1740 interest
354 1721 363 1754 ‚
377 1689 486 1736 utrum
508 1669 708 1736 ratiocinium
722 1671 900 1738 deducatur
914 1693 953 1736 ex
967 1674 1057 1736 axio-

206 1762 345 1828 matibus
379 1759 556 1838 absolutis,
581 1780 620 1822 an
646 1783 686 1825 ex
711 1759 904 1848 respectivis.
921 1759 1007 1825 Nam
1026 1759 1059 1827 in

207 1868 355 1938 utroque
370 1869 444 1912 casu
462 1850 509 1928 ,si
535 1848 731 1912 ratiocinium
754 1851 796 1913 sit
823 1847 905 1916 bene
929 1849 1060 1915 dedoc-

205 1953 276 2003 rum
301 1985 315 2016 ,
354 1935 516 2003 dubitatio
539 1937 626 2000 nulla
658 1959 820 2004 remanere
844 1955 953 2026 potest
976 1941 1060 2006 circa

207 2027 457 2091 conclusionem.
487 2026 518 2090 Si
547 2026 602 2090 iila
630 2048 716 2114 quae
742 2027 933 2115 explicanda
959 2026 1060 2094 babe-

206 2136 277 2179 mus
294 2161 305 2194 ‚
321 2115 362 2180 ad
390 2114 515 2203 praxim
541 2132 710 2201 spectent,
740 2115 909 2200 requiritur
930 2133 966 2180 ut
989 2116 1058 2196 ilie,

205 2224 300 2291 qoem
323 2206 443 2292 praxim
470 2203 553 2267 hanc
582 2203 697 2270 docere
714 2206 901 2291 suscipimus
917 2204 1059 2288 ,aliquid

207 2313 303 2382 agere
320 2293 456 2383 possitg
472 2291 555 2371 Quis
571 2292 727 2360 scribendi
754 2314 852 2358 artem
876 2292 1008 2358 docebit
1022 2293 1060 2356 il·

206 2381 299 2462 ium,
331 2383 388 2471 qui
414 2381 529 2468 digitos
557 2381 685 2448 flectere
712 2403 775 2446 non
799 2399 904 2470 potest
920 2384 930 2444 i
946 2382 1059 2449 Doce·

205 2492 243 2536 re
274 2473 399 2560 praxim
421 2483 480 2558 ¹est
507 2469 691 2556 explicare,
718 2469 884 2557 quomodo
917 2471 1059 2538 actiones

206 2557 389 2648 dirigendae
414 2558 507 2634 sint5
539 2559 596 2623 sed
618 2559 784 2638 actiones,
805 2582 889 2648 quae
916 2553 1059 2648 dirigen-

206 2647 266 2714 dae
285 2665 382 2726 sum,
407 2647 493 2734 prius
514 2647 712 2712 determinati
729 2647 875 2724 debent;
894 2645 973 2713 haec
990 2654 1060 2737 ipsa

207 2733 435 2800 determinatio
453 2752 598 2801 uocatur
618 2735 838 2822 postulatam.
863 2734 913 2800 Ita
936 2736 979 2802 ab
1006 2759 1060 2817 eo,

206 2843 302 2909 quem
319 2839 524 2889 numerorum
539 2823 834 2911 muiripiicarionem
856 2825 971 2890 docete
984 2845 1060 2890 sus·

196 2911 293 3002 ¹cipio
313 2957 326 2997 ‚
350 2913 510 3003 postulo,
543 2929 759 2990 assumeres
784 2910 1063 3002 urrocharacrere
