2264 3420
231 135 381 183 rartrrr.
407 135 561 184 urrann.
583 137 660 184 esra
675 133 731 184 rrr.
878 111 938 186 'ror

32 203 143 270 raheri
175 202 296 286 debet,
314 223 347 276 et
379 204 420 274 de
449 205 508 270 hac
538 205 652 294 ingenii
684 206 791 293 specie
819 205 947 296 adqui-

32 294 138 447 {lenda
166 293 309 364 laborare
333 295 469 361 maxime
496 292 614 361 delient
642 291 857 384 philosophiae
874 315 943 361 stu·

58 405 135 447 ross.

79 470 205 540 Eritis
231 471 448 561 intelligitur,
478 469 558 560 qnid
581 471 768 560 sitingoriii
793 470 945 540 imbecil-

32 556 121 625 litas.
162 559 220 625 Est
261 583 379 649 nempe
420 560 610 648 impotentia
646 560 803 627 iudicandi
829 605 839 639 ,
870 581 945 628 orta

33 669 76 713 ex
103 648 274 714 notionum
300 647 428 716 defectu
459 666 556 735 atque
582 649 634 713 ino
661 647 725 725 ia,
754 647 854 738 qualis
885 671 941 716 re'·

32 738 164 824 peritur
194 738 227 802 in
250 737 421 805 inlari'tibus
444 753 487 810 et·
506 671 747 817 inretissiouta·
768 759 849 803 vero
880 739 945 805 sine

32 824 195 892 memoria
222 825 308 893 nulla
336 841 445 915 potest
461 845 528 892 esse
557 825 723 891 notionum
754 828 874 914 copiae
915 829 940 892 si

32 915 192 982 memoria
221 914 353 980 laeditur
370 913 508 1002 ,ingenii
529 935 671 986 acumen
701 912 841 979 hebetari
858 937 942 1003 quo·

35 1023 107 1088 qne
135 1021 299 1068 nonessum
324 1020 380 1069 est.
409 1001 563 1070 Laeditnr
593 1019 700 1068 autem
714 1002 867 1067 memoria
884 1049 893 1080 ,
908 1019 947 1068 ut

38 1108 137 1178 antes
163 1090 423 1170 observavimus,
457 1090 532 1156 dom
560 1112 577 1154 a
613 1089 715 1156 nausis
756 1087 946 1174 quibusdam

38 1178 385 1261 materialibus,veluti
413 1179 598 1245 morborum
628 1195 796 1243 acutorum
814 1179 864 1256 vi,
891 1196 947 1244 at·

40 1288 127 1354 quae
157 1268 247 1332 etiam
276 1288 370 1356 saepe
394 1269 466 1356 ipso
496 1267 666 1334 senectutis
684 1263 795 1331 morbo
810 1265 945 1335 laeditur

38 1353 220 1422 cerebrum.
249 1353 333 1422 Hino
362 1357 473 1444 capitis
498 1355 737 1422 contusionibus
752 1357 871 1442 saepius
885 1356 947 1423 ob·

39 1444 190 1522 tunditur
217 1443 324 1515 iudicii
340 1446 454 1524 acies,
482 1444 621 1532 ideoque
634 1443 779 1510 barbara
808 1445 947 1533 castiga.

40 1533 176 1598 tionein
194 1553 312 1619 pueros
338 1535 481 1600 saeviunt
508 1548 652 1620 patentes
685 1547 716 1598 et
746 1553 943 1620 praecepto-

42 1641 92 1688 res
119 1667 129 1699 ,
152 1621 208 1710 qui
236 1621 421 1687 eorumdem
448 1639 544 1706 caput
586 1618 769 1686 verberibus
813 1621 945 1707 pessimo
1001 1638 1003 1642 ·

43 1711 197 1775 tundunt.
227 1710 381 1788 Quamvis
397 1728 503 1776 autem
531 1709 686 1788 dixerim,
703 1707 744 1772 ad
772 1707 886 1796 ingenii
913 1732 947 1774 a·

45 1798 127 1866 ciem
151 1798 294 1865 conferre
325 1799 586 1876 memoriam,de
608 1798 661 1863 illa
692 1813 797 1865 tamen
822 1818 946 1862 merno-
1023 1821 1031 1840 =

46 1885 94 1950 ria
121 1885 284 1952 dumtaxat
307 1887 449 1972 loquor,
467 1907 549 1974 quae
576 1889 740 1952 notionum
768 1884 877 1952 seriem
893 1907 958 1950 ors·¹

48 1971 124 2041 dine
149 1975 300 2064 digestam
328 1975 435 2042 habet.
463 1977 514 2040 Ali
541 1975 647 2040 nando
672 1975 754 2040 enim
782 1973 882 2037 nimias
898 1997 948 2040 re·

47 2083 118 2130 rum
142 2060 299 2154 farragine
322 2063 480 2154 ingenium
503 2000 593 2129 dirui
624 2075 719 2150 atq'ue
732 2060 869 2128 obtundi
887 2062 947 2127 ob·

48 2171 221 2218 servamus.
249 2153 336 2218 Hinc
368 2154 402 2216 fit
428 2199 438 2232 ,
468 2153 574 2239 utqui
604 2151 781 2217 inordinata
811 2151 948 2217 lectione

49 2240 232 2308 memoriam
254 2243 439 2332 opprimunt
456 2239 705 2320 ,diversissimos
722 2259 879 2304 sermones
908 2239 948 2302 si-

49 2349 90 2398 ne
114 2330 226 2396 ¹ordine
254 2347 287 2396 et
312 2330 432 2396 iudicio
460 2332 589 2395 miscere
606 2329 738 2394 soleant.
755 2329 864 2412 Atque
875 2323 948 2390 hine

50 2417 152 2486 oritur
174 2435 235 2496 ,ut
264 2417 404 2484 eruditio
417 2419 605 2483 muiracum
622 2419 723 2484 multo
741 2415 864 2504 ingenio
879 2432 946 2481 noa

52 2526 173 2592 semper
202 2508 370 2573 coniuncta
395 2509 457 2572 sim·
473 2507 544 2572 Hac
572 2505 787 2591 pentadius
815 2503 886 2567 sinu
903 2503 944 2572 de

50 2592 242 2680 intelligendi
272 2594 423 2672 facilitate
454 2613 485 2661 et
501 2593 678 2661 intellectus
692 2591 944 2683 operationibus?-
990 2677 991 2680 Ἴ

53 2682 286 2770 Amplissimum
312 2685 441 2772 quidem
483 2681 565 2749 foret
594 2701 812 2773 argumentum
846 2725 857 2759 ,
892 2679 948 2748 sed
1028 2743 1036 2752 .

51 2767 113 2834 hoc
127 2772 194 2856 iam
216 2774 246 2838 in
275 2773 339 2837 aliis
355 2772 698 2861 metaphysicae.·.ioeis
728 2789 823 2866 atque
840 2769 944 2838 inlu·
975 2829 976 2832 ,

52 2858 120 2948 gina
143 2860 235 2949 plura
283 2861 427 2958 dispersa
449 2860 665 2958 leguntutn'¹
696 2893 704 2914 κ
774 2915 777 2924 .
878 2863 890 2923 i

539 3001 556 3012 ‚f
617 2968 652 2997 ¹³
881 2957 886 2980 ⁸
917 2969 937 3010 st
