2298 3418
452 89 634 140 ussurus.
657 87 821 143 russos..
866 129 871 138 .

173 95 303 240 ibimus
324 156 431 246 Resp.
454 159 500 224 N.
527 177 592 232 ant.
606 159 730 231 Etenim
748 151 929 246 substantia
941 161 1079 250 partium

173 271 289 340 expers
312 269 358 344 'er
383 265 503 330 natura
524 269 582 314 sua
606 245 791 314 immortalis
817 265 881 313 est.
909 250 1078 320 Praeterea

175 335 297 406 etiarnsi
312 339 672 421 permitteremus,aut.,
703 356 817 425 negare
836 353 945 402 tamen
966 363 1075 428 posse·

175 448 244 491 mus
258 425 529 511 consequentiam.
549 421 584 494 N
588 426 630 492 on
646 425 730 492 enini
745 423 817 498 solo
833 423 897 490 boc
911 449 1080 515 argumen-

175 508 418 592 to'usi'sumus,
442 536 553 580 verunt
572 532 605 580 et
627 510 777 602 pluribus
805 513 891 579 aliis:
915 538 1085 604 argumen-

176 603 235 669 tati
251 603 332 672 enim
349 623 456 666 sumus
475 625 511 669 ex
530 622 689 670 consensu
711 601 902 680 hominum,
923 626 964 670 ex
980 627 1083 670 cons.

175 691 307 759 c'ientiae
323 691 476 768 stimulis,
493 714 532 758 ex
555 693 675 758 iustitia
693 689 781 772 Dei,
807 691 924 781 altaque
939 695 1082 784 plurima

178 779 380 852 adhibuimus
396 798 595 872 argumenta.

194 873 199 881 '
243 867 328 934 lrrst.
350 866 453 948 'Quod
466 873 608 960 cogitat,
623 886 669 936 est
682 867 845 954 spirituale
858 891 875 946 ς,
886 867 941 936 sed
953 867 1082 957 brutoq-

177 981 249 1032 runt
271 959 392 1040 animae
408 961 573 1046 cogitant3
590 979 666 1046 ergo
679 975 750 1020 sunt
764 955 943 1045 spirituales
961 983 970 1037 ;
986 960 1078 1046 atqui

180 1053 286 1116 tamen
299 1065 400 1112 morte
419 1065 551 1134 percunt
567 1043 801 1132 cum'corpore3
816 1069 894 1136 ergo
908 1049 982 1114 licet
994 1069 1080 1116 mens

176 1136 314 1204 humana
331 1133 502 1224 spiritualis
516 1154 547 1203 et
562 1135 693 1221 simplex
708 1137 766 1214 sit,
781 1135 910 1208 minime
926 1138 1082 1223 sequitur,

177 1251 249 1296 eant
268 1248 338 1292 esse
363 1224 583 1294 immortalem.
613 1225 760 1312 Singulae
782 1223 876 1288 ltuius
902 1229 1083 1316 argumenti

178 1315 418 1406 propositiones
438 1310 529 1380 facile
553 1312 742 1404 probantur.
761 1331 807 1380 ta
829 1315 922 1404 quod
941 1321 1083 1404 cogitat,

179 1419 230 1474 est
248 1399 426 1490 spirituale
442 1449 453 1480 ,
472 1403 533 1470 iam
548 1427 565 1468 a
581 1403 669 1469 nobis
686 1402 761 1490 ipsis
784 1401 840 1468 fuit
859 1401 926 1470 luse
944 1405 1081 1470 demon·

179 1510 290 1560 strata.
316 1511 386 1558 tre
406 1493 573 1558 brrrtorrtm
586 1495 716 1560 atrimae
729 1496 876 1582 cogitant
890 1540 902 1572 ,
918 1517 959 1558 ex
970 1493 1082 1559 bruto·

180 1607 251 1654 turn
266 1582 444 1650 actionibus
460 1602 508 1648 est
522 1579 695 1668 manifesta.
710 1577 885 1666 Innumera
899 1585 982 1648 enim
998 1605 1081 1670 quo-

180 1671 260 1740 tidie
275 1671 418 1738 videmus
436 1693 454 1736 a
473 1671 573 1736 brutis
594 1667 802 1738 animantibus
826 1669 891 1736 lieri
910 1715 920 1748 ,
943 1693 1024 1760 quae
1041 1672 1083 1736 si·

181 1783 220 1827 ne
234 1761 433 1850 cogitatione
456 1760 544 1824 nullo
560 1759 657 1826 modo
680 1758 830 1846 explicari
852 1778 1016 1848 possunt;
1037 1759 1082 1830 ita

181 1847 290 1916 felium
309 1846 437 1914 solertia
453 1865 484 1913 et
507 1849 678 1916 dexteritas
696 1849 725 1912 in
741 1847 904 1935 capiendis
926 1849 1081 1918 muribuss
1147 1843 1148 1860 ¹

181 1941 226 2006 ita
251 1938 382 2004 fidelitas
397 1957 511 2002 canum
525 1959 598 2026 erga
622 1937 790 2004 dominos:
808 1939 850 2004 ita
865 1959 915 2002 ars
938 1939 1083 2006 imitandi

181 2029 213 2093 in
226 2027 352 2091 similis:
370 2025 413 2090 ita
428 2024 590 2092 innumera
604 2026 662 2091 alia
674 2026 821 2092 omnibus
843 2025 938 2092 obvia
959 2046 992 2095 et
1020 2050 1083 2094 no·

182 2115 320 2193 tissima,
335 2136 417 2200 quae
435 2113 534 2180 fusius
550 2116 696 2202 persequi
712 2114 907 2204 superfluum
922 2135 971 2182 est
986 2161 996 2198 ,
1013 2139 1083 2184 sen·

184 2223 254 2272 sum
280 2220 312 2270 et
334 2203 560 2292 cogitationem
586 2205 618 2270 in
634 2201 734 2269 brutis
757 2203 982 2270 demonstrant
999 2249 1010 2284 ,
1026 2227 1084 2272 nec
1145 2193 1146 2224 i

183 2285 365 2366 mechanice
387 2294 453 2360 fieti
479 2287 624 2382 possunt.
650 2293 740 2360 Haec
764 2294 864 2360 altera
891 2295 1081 2384 propositio:

183 2391 314 2460 atrimae
342 2385 512 2449 brutorum
538 2405 609 2450 cum
638 2405 770 2469 corpore
790 2398 957 2471 pereunt,
988 2381 1029 2448 ab
1053 2405 1085 2448 o·

184 2464 310 2537 mnibus
327 2513 337 2548 ,
354 2473 378 2537 si
396 2493 517 2560 paucos
534 2469 796 2562 metemsycbosis
818 2487 874 2536 aut
897 2468 1083 2540 harmoniae

184 2559 421 2650 praestabilitae
449 2579 603 2648 patronos
625 2561 787 2648 excipias,
809 2558 1004 2626 admittitur.
1017 2607 1028 2626 e
1042 2561 1084 2626 Et

210 2648 317 2715 uidem*
339 2649 363 2710 si
386 2650 489 2720 anima
502 2647 587 2716 btuti
602 2668 650 2715 est
675 2647 844 2736 spiritualis
868 2667 899 2716 et
922 2647 1084 2718 immorta-

184 2672 222 2802 ἧς
239 2781 249 2814 ,
264 2732 363 2822 equid
377 2737 480 2825 agitur
503 2735 543 2802 de
563 2734 734 2804 innumeris
757 2737 818 2801 illis
840 2754 890 2808 tot
910 2739 1083 2804 animalcu·

186 2823 289 2890 lotum
302 2822 478 2891 animabus
499 2823 728 2892 immortalibus
745 2825 757 2888 i
784 2847 796 2912 t
817 2809 922 2890 ande
942 2847 1081 2914 corpore
1143 2891 1144 2916 p

184 2911 217 2976 in
238 2932 375 2997 corpore
395 2913 646 3000 transmigrant?
675 2915 757 2980 entia
773 2913 803 2978 in
821 2913 942 2978 mundo
964 2915 1094 2982 inutilia·-

185 3001 263 3090 fiunt
283 3016 366 3093 post
399 3003 544 3090 corporis
569 3001 759 3086 interitum?
795 3001 964 3088 Begeserea
997 3025 1084 3091 que·
