2258 3428
831 56 835 83 i

231 89 301 158 «162
491 106 676 156 rttsrtrvr.
696 105 826 156 rrrttos.

235 198 272 248 to
304 177 522 246 universaliter
552 177 727 244 affirmatur
757 197 789 244 et
823 195 957 270 negatur
987 195 1067 264 pro·
1105 221 1106 224 ,

234 271 409 360 positiones
434 289 500 332 nott
524 283 616 334 erunt
639 267 916 336 contradictoriae.
934 265 1069 332 'Dicun-

236 377 381 423 torreto
399 359 430 421 in
449 354 512 422 hoc
527 378 602 422 casu
617 359 803 422 contrariae
819 403 828 437 ,
855 379 937 446 quae
952 355 1070 444 proin-

234 447 277 514 de
304 461 378 510 sunt
406 445 647 532 propositiones
662 445 727 522 ,in
751 464 884 532 quarum
907 466 972 511 una
994 443 1071 506 uni·

227 536 398 626 ‘uersaiiter
419 551 576 622 negatur,
605 533 693 623 quod
717 533 748 598 in
771 533 869 602 altera
892 534 932 601 de
954 531 1075 598 eodem

228 623 382 690 subiecto
404 621 617 688 universaliter
641 619 813 686 affirmatur
826 671 838 702 ,
869 621 979 708 quales
994 636 1075 698 sunt

235 713 340 778 istae:
371 732 477 776 omnes
500 710 659 800 planetae
688 725 764 776 sunt
790 733 927 800 corpora
950 730 1073 798 opaca.-
1105 713 1106 756 i

162 861 166 866 ,
230 801 349 869 -rtrsllus
370 797 512 888 planeta
535 815 585 866 ert
606 819 722 888 corpus
743 819 892 886 opacum.
1105 815 1106 820 ’

231 935 234 940 -
304 888 545 978 Proposiriones
568 888 660 954 etiam
679 889 905 975 particulares,
935 885 967 950 in
985 905 1070 972 qua-

238 1000 310 1046 rum
338 999 402 1042 una
428 973 602 1044 affirmatur
630 975 671 1042 de
700 974 844 1042 subiecto
863 994 881 1056 ,·
906 974 1001 1063 quod
1029 972 1067 1038 de
1105 993 1106 1052 r

239 1069 351 1136 eodem
366 1065 681 1154 negaturin'altera‚
711 1085 775 1129 non
796 1083 870 1130 snnt
884 1061 1070 1129 contradic·
1105 1067 1106 1152 J

240 1158 350 1222 toriae.
380 1154 465 1220 Nam
488 1175 586 1242 qnum
607 1152 784 1230 terminos,
809 1175 874 1239 quo
895 1150 1073 1218 subiectum
1105 1159 1106 1176 ¹

238 1245 436 1320 denotatur,
463 1240 504 1307 sit
520 1242 701 1306 communis
718 1259 744 1319 ,t
755 1241 893 1329 ideoque
907 1239 959 1306 vei
974 1259 1074 1328 genus

239 1332 292 1398 rei
307 1331 451 1419 species,
474 1328 648 1397 subiectum
664 1331 893 1416 particulariter
907 1347 1076 1416 sumptum

136 1486 140 1497 ,
237 1441 307 1488 non
330 1419 462 1486 denotat
483 1417 720 1507 nisi-quaedam
735 1419 917 1496 individua,
942 1433 975 1482 et
997 1417 1077 1504 qui-

215 1543 217 1548 ·
241 1509 314 1576 dem
341 1506 570 1586 determinate,
599 1507 643 1572 ita
664 1525 700 1570 ut
723 1507 879 1574 incertum
902 1507 969 1584 sit,
996 1526 1077 1570 uuor

234 1600 272 1664 in
299 1613 434 1684 utraque
464 1595 684 1702 propositione
707 1594 818 1662 eadent
843 1593 1006 1662 individua
1029 1594 1077 1658 in·
1105 1673 1106 1678 ἵ

228 1687 440 1776 'digitentum
467 1707 562 1748 immo
587 1683 653 1750 fieri
678 1699 811 1770 potest,
838 1700 875 1750 nt
899 1680 1076 1769 utrobique
1105 1743 1106 1768 p

235 1787 466 1862 ‚supponantur
490 1771 626 1840 diversa.
1105 1847 1106 1850 Ἴ

306 1861 416 1940 Quare
440 1880 538 1947 quum
565 1861 596 1924 in
621 1858 876 1926 contradictoriis
891 1857 981 1926 idem
1006 1879 1080 1937 esse
1105 1873 1106 1876 ’

241 1947 360 2016 debeat
381 1944 580 2026 subiectum,
609 1950 842 2038 propositiones
862 1949 894 2012 in
918 1946 1081 2036 praesenti
1105 1995 1106 2032 ᾗ

149 2086 151 2089 -
235 2059 318 2104 casu
345 2037 606 2104 contradictoriae
635 2057 699 2101 non
726 2056 827 2115 sunt,
858 2037 969 2122 quales
1003 2039 1106 2114 sunt}

236 2127 344 2194 istaes
375 2125 511 2216 quidam
531 2124 671 2194 homines
694 2141 769 2191 tunt
797 2124 889 2192 doctr'
902 2170 912 2203 ,
940 2132 979 2190 et'
996 2129 1082 2213 qui·

236 2215 322 2283 dam
348 2215 488 2304 homines
514 2237 575 2280 non
602 2228 678 2278 tunt
703 2211 796 2280 docti
809 2259 819 2292 ,
849 2235 932 2298 qnae
955 2211 1106 2301 aequi-i

241 2305 349 2372 ualent
364 2306 426 2370 istis
443 2329 451 2370 r
477 2301 618 2392 'quidam
633 2300 796 2380 homines,
820 2325 935 2390 nempe
948 2301 1082 2379 Petrus,
1105 2355 1106 2358 ,

140 2467 142 2472 ¹
221 2391 444 2460 *Paullusceu
462 2437 474 2468 ,
505 2406 581 2457 sunt
597 2388 711 2468 docti,
740 2407 771 2456 et
791 2407 915 2456 eontra.
948 2389 1106 2454 Huius-i

186 2541 189 2548 .
240 2483 329 2551 orodi
349 2477 835 2567 propositiones'particulares,-
859 2478 890 2542 iu
913 2477 1038 2564 quibus
1052 2478 1084 2540 i·

242 2569 315 2636 dem
345 2565 520 2632 affirmatur
546 2575 589 2640 ¹et'
604 2584 738 2654 ,negatur
761 2567 803 2632 'de
832 2566 962 2636 diversis
994 2565 1049 2632 inf
1065 2599 1106 2617 ·÷

240 2655 376 2722 rioribus
401 2653 442 2722 ad
470 2657 551 2722 idem
576 2677 674 2742 genus
699 2655 750 2720 vei
774 2654 917 2724 eamdem
940 2647 1106 2742 speciem?

242 2744 500 2833 pertinentibus,
523 2743 670 2808 dicuntur
691 2745 750 2808 sub
772 2747 984 2821 contrariae,
1009 2744 1106 2832 quia*

244 2830 304 2898 tub
338 2829 773 2912 contrariiscontinen'tum
806 2829 1085 2922 quemadmodum
