2298 3418
202 169 247 240 30
386 155 795 226 ‚tnsntevnatttrupp
853 185 897 209 v.

201 237 401 304 sed'taotum
416 233 457 298 ab
480 233 642 312 intellectu
659 237 803 315 ,divinoe
831 238 906 324 qnia
932 259 980 307 ret
1005 238 1067 302 i-··

202 327 265 398 deo
287 342 360 388 sunt
382 321 570 410 possibiles,
598 324 687 408 quod
704 347 814 400 ¹terunt
836 325 971 400 ideaein
987 326 1047 398 jin-

200 415 332 484 teilectu
363 411 472 480 divino
498 411 649 489 existente
682 413 907 486 Deuoautern
939 415 1047 502 quid-

201 505 286 593 piam
305 501 387 568 veile
412 501 547 588 nequit,
574 500 630 564 nisi
658 501 850 586 prins-iliius¹
875 505 979 576 ideam
1003 507 1042 570 in

200 608 306 660 mente
327 590 538 678 conceperit,
556 607 598 654 set
622 589 666 655 sic
686 591 833 660 voluntas
860 591 923 662 Dei
948 615 1044 679 pen-

200 681 256 752 det
280 677 519 768 quodammodo
546 675 587 743 ab
613 677 710 766 ipsius
734 679 897 754 intellectu
921 701 1043 753 secun·

157 831 158 834 ,
200 768 291 836 dum.
307 785 451 856 nopttunt
474 765 676 854 concipiendi
695 769 845 834 modum.

267 855 393 923 Obiere.
416 877 449 937 4.
464 853 564 934 Quod
582 876 629 922 res
650 857 688 921 sit
711 856 891 946 possibilis,
920 856 955 922 id
977 855 1036 928 ha·

200 945 256 1017 bet
275 967 294 1010 a
315 947 480 1021 voluntate¹
502 943 564 1008 Dei
581 967 591 1021 ς
624 964 702 1033 ergo
717 945 904 1032 possibilitas
921 961 1037 1016 nerum

201 1035 319 1124 pendet
334 1057 352 1099 a
366 1034 426 1098 Dei
440 1032 615 1099 voluntate.
639 1034 738 1122 Resp.
758 1034 832 1100 dist.
857 1052 923 1100 ant.
945 1036 1036 1121 quod

202 1147 250 1190 tes
275 1124 315 1188 sit
329 1121 485 1212 possibilis
503 1124 736 1201 extrinsecus,
768 1123 800 1188 id
814 1122 909 1192 habet
933 1144 1038 1196 auo·

202 1213 325 1280 luntate
350 1210 481 1286 divina,
513 1210 553 1276 C·
581 1213 789 1300 ant.1,'quod
813 1213 852 1278 sit
880 1209 1041 1300 possibilis

202 1305 421 1388 intrinsecus,
444 1297 493 1362 N.
521 1313 588 1364 ant.
614 1315 647 1366 et
675 1303 792 1386 parit-er¹
816 1302 887 1368 dist.
916 1321 1042 1371 conse-

202 1410 312 1477 quens.
344 1387 526 1474 Resigitur
556 1385 607 1454 vei
637 1389 818 1476 concipitur
841 1406 876 1454 nt
902 1408 1041 1456 creatu-

202 1497 258 1557 ta,
276 1494 307 1544 et
321 1477 364 1540 sic
375 1495 423 1544 est
438 1474 593 1566 possibilis
608 1477 826 1556 extrinsecus,
851 1477 1040 1566 pendetque

202 1591 220 1640 a
248 1567 414 1631 voluntate
444 1563 548 1633 divina
576 1561 619 1643 ad
650 1565 864 1654 recipiendam
894 1567 1042 1634 existen-

202 1660 279 1724 tiam
295 1679 306 1733 ;
334 1657 385 1719 vel
398 1651 615 1724 consideratur
631 1654 661 1718 in
677 1657 796 1722 ratione
811 1654 891 1720 entis
910 1699 920 1734 ,
949 1654 1039 1741 quod

202 1747 321 1813 nullam
333 1741 617 1810 contradictionem
632 1742 766 1808 involvit
783 1785 793 1822 ,
821 1758 853 1810 et
869 1759 946 1810 tunc
962 1745 1040 1811 nui-

203 1835 236 1902 lo
249 1827 477 1918 modnpendet
490 1851 508 1894 a
520 1831 687 1900 voluntate
706 1831 835 1910 divina,
865 1832 937 1898 licet
953 1853 1043 1922 pen-

204 1922 278 1990 deat
304 1918 344 1984 ab
369 1919 433 1984 eius
457 1918 631 2002 intellectu.

208 1999 212 2094 ’Δ
269 2007 394 2074 Obiere.
416 2026 449 2096 5⁴·
473 2003 564 2072 Haec
585 2027 651 2074 non
675 2006 880 2098 repugnantia
904 2025 952 2075 est
980 2008 1044 2073 aii·

103 2140 107 2160 f
197 2119 266 2185 -qua
282 2092 458 2182 perfectio;
490 2116 566 2184 ergo
589 2093 708 2182 pendet
731 2118 748 2164 a
768 2097 935 2164 voluntate
957 2095 1044 2162 divi·

203 2208 255 2258 tte.
272 2185 373 2272 Resp.
390 2183 461 2249 dist.
476 2202 568 2264 ant.,
593 2183 672 2251 haec
686 2206 751 2251 non
765 2186 971 2274 repugnantia
991 2201 1045 2252 est

203 2276 310 2364 aliqua
338 2273 492 2361 perfectio
517 2294 582 2338 non
606 2274 768 2351 existens,
797 2275 852 2341 nisi
884 2271 915 2335 in
943 2273 1044 2340 intel·

205 2366 289 2432 lectu
311 2363 417 2430 divino
430 2409 442 2442 ,
469 2361 536 2441 C.,
559 2362 694 2428 existens
717 2381 859 2428 seorsum
880 2360 919 2428 ab
941 2361 1044 2428 intei-

204 2457 291 2518 lectu
307 2452 436 2530 divino,
464 2452 511 2516 N.
533 2466 620 2529 ann,
648 2451 814 2536 etpariter
830 2450 902 2517 dist.
928 2470 1042 2530 cons,

206 2563 283 2630 ergo
310 2539 432 2626 pendet
458 2560 476 2602 a
505 2541 672 2604 voluntate
700 2539 807 2609 divina
822 2585 834 2618 ,
861 2555 897 2602 ut
926 2539 1045 2604 existat

100 2648 101 2652 ’
203 2649 346 2696 seorsum
367 2627 407 2692 ab
428 2626 590 2692 intellectu
605 2627 739 2706 divino,
764 2645 797 2692 et
819 2649 837 2692 a
858 2639 955 2712 parte
977 2630 1044 2707 rei,
1073 2683 1081 2696 .

207 2718 249 2782 C.
273 2737 387 2798 cons,
414 2730 450 2782 ut
465 2715 580 2782 existet
596 2716 627 2782 in
647 2716 810 2786 intellectu
834 2714 966 2796 divino,
992 2715 1043 2786 N.

211 2825 302 2872 cont.
