2300 3506
352 276 356 282 ·
414 253 557 304 ΌΑΠΤ
580 251 624 300 11.
898 253 918 302 Ἰ

100 317 159 392 i't‘tt
176 322 332 414 'probatur
348 328 506 414 quaestio:
524 323 614 414 quod
625 331 675 386 est
691 320 886 410 spirituale,
901 249 945 390 ll·

110 415 178 480 lud
189 433 236 480 est
253 412 433 480 immortale
447 441 457 478 .·
474 419 570 503 atqui
587 415 761 477 animaret
779 415 944 500 spiritua-

114 501 173 581 les,
195 503 344 591 ergata
367 501 572 569 immortalis.
596 502 686 566 Duae
714 502 835 588 priores
861 523 945 590 pro-

116 593 286 678 positiones
302 610 459 656 vocantur
470 593 674 679 praemissae
684 635 694 668 ,
709 612 747 654 eo
763 588 850 678 quod
866 612 946 658 con·

100 680 241 744 '‘elusioni
264 703 343 768 quae
368 683 459 746 tertia
477 697 543 757 est,
561 683 813 768 praemittantur.
841 678 944 745 Prae-

109 770 225 834 missae
237 767 385 834 dicuntur
400 770 493 834 etiam
506 765 718 845 antecedens,
736 787 766 834 et
777 766 944 834 conclusio

104 877 248 922 ‘uocatur
264 880 473 946 consequens,
486 857 553 942 ipsa
567 855 641 922 deni
667 877 705 920 ue
719 857 852 922 conexio
866 877 946 924 con·

109 947 273 1034 sequentis
287 967 360 1009 cum
376 947 544 1032 praemissis
558 879 737 1032 appellatur
752 967 945 1048 consequen·

100 1039 173 1118 tia.
191 1033 300 1098 ‘Prima
326 1030 506 1122 propositio
529 1031 651 1122 speciali
675 1031 800 1100 nomme
826 1031 944 1104 dicitur

103 1128 237 1198 maior,
267 1123 342 1207 quia
366 1123 395 1187 in
404 1135 444 1188 ‘ea
462 1122 558 1186 maior
573 1120 722 1186 terminos
737 1141 809 1188 cum
824 1123 945 1204 medio;

94 1285 97 1292 ¹
112 1211 257 1276 secunda
273 1214 374 1277 minor
388 1255 397 1289 ,
412 1212 487 1300 quia
502 1205 742 1276 io'eaterrninus
758 1213 858 1276 mittor
872 1233 946 1280 cum

111 1299 225 1365 eodem
248 1300 354 1364 me‘dio
376 1299 552 1365 confertur.
571 1291 659 1364 Talis'
677 1299 781 1364 oratio
795 1318 945 1366 constans

100 1389 211 1454 tribus
237 1387 512 1475 propositionibus
529 1409 587 1466 ea,
601 1409 666 1476 qua
682 1386 801 1452 dictum
818 1403 882 1469 est,
897 1413 947 1456 at·

110 1493 142 1544 te
165 1477 347 1566 dispositis,
371 1478 552 1542 nominatur
572 1475 786 1565 syllogismus.
811 1477 860 1542 Ex
882 1479 947 1544 ad-

100 1565 178 1630 lato
209 1566 356 1654 exemplo
385 1568 486 1652 liquet
518 1584 636 1630 tectam
659 1565 945 1634 'ratiocinationem

110 1675 176 1718 non
204 1675 298 1741 posse
327 1653 449 1718 absolvi
478 1654 701 1740 paucioribus,
726 1673 821 1737 quam
845 1652 947 1720 tribus

115 1742 408 1828 propositionibus,
430 1744 502 1830 quia
524 1741 659 1806 medium
683 1737 779 1806 debet
800 1741 893 1808 semel
915 1745 950 1810 in

115 1846 256 1915 utroque
278 1832 407 1894 termino
429 1831 616 1918 comparari.
635 1829 863 1894 Potesttamen
882 1831 947 1894 mi.

115 1937 176 1982 nor
199 1935 253 1982 aut
275 1919 371 1983 maior
394 1919 571 2006 propositio
595 1917 803 2008 subintelligi,
822 1938 853 1985 et
870 1938 947 1985 tuno

63 2080 68 2087 ,
95 2005 344 2095 *argumentatio
367 2027 501 2072 vocatur
525 2005 762 2095 enthymema„
776 2025 810 2071 ut
834 2015 946 2075 anima

115 2113 165 2162 est
192 2094 382 2182 spiritualis
393 2119 408 2173 ;
430 2117 504 2183 ergo
527 2111 575 2162 est
599 2093 813 2172 immortalis3
840 2098 948 2162 subin·

114 2184 263 2271 telligitur
277 2185 398 2249 maior:
414 2185 504 2274 quod
514 2199 563 2250 cst
579 2181 756 2273 spirituale
771 2231 782 2263 ,
797 2181 888 2260 illud
898 2197 949 2251 etl

119 2271 317 2338 immortale.

181 2359 337 2438 Quamvis
363 2363 527 2448 pauciores
552 2380 700 2426 essenon
717 2359 837 2442 possint
852 2385 948 2450 quam

97 2449 99 2452 ’
113 2461 178 2513 tres
193 2450 432 2537 propositiones
447 2473 457 2524 3
473 2453 502 2513 in
519 2450 652 2536 longiori
669 2465 773 2511 tamen
785 2471 950 2537 argumen-

114 2538 237 2602 tatione
253 2559 389 2624 possunt
406 2560 475 2611 esse
491 2540 591 2602 multo
609 2538 725 2623 plures.
741 2537 770 2601 si
787 2539 950 2606 enim'me-

113 2624 205 2688 diurn
217 2643 314 2692 unum
334 2648 396 2692 non
414 2625 527 2691 sufficit
543 2627 582 2690 ad
598 2627 826 2693 ostendendam
842 2673 851 2705 ,
869 2625 950 2724 quae

115 2731 165 2778 est
193 2713 272 2782 inter
298 2719 463 2790 terminos,
498 2716 704 2792 relationem,
730 2719 819 2802 plura
848 2719 952 2786 media

96 2787 288 2888 ¹'aliquando
314 2803 515 2870 adhibentur.
531 2803 625 2868 Tunc
642 2809 873 2894 argumentatio
888 2829 952 2869 vo-

115 2909 207 2956 catur
239 2895 459 2958 acer-mmmm
489 2898 627 2971 sorites,
662 2913 701 2958 eo
729 2893 815 2978 quod
855 2893 954 2960 veluti

98 2981 349 3053 'coacervantur
368 2979 695 3072 proposuissemus
718 2983 744 3044 si
762 2982 856 3046 velim
871 2998 953 3067 pros·
