2258 3428
256 153 341 204 ιω
362 151 390 202 r.
417 151 574 228 tortione
599 153 677 204 nnn.
702 153 744 204 rt.
877 135 935 230 89.

71 243 192 292 omnes
218 221 366 294 latentur.
397 225 718 294 Praeterea·naturar
747 222 819 292 illae
847 245 923 294 sunt

73 312 252 390 formaliter
277 316 420 396 similes,
449 337 504 380 seu
530 311 700 380 formaliter
722 337 819 381 unum
844 317 922 402 quid

74 405 198 473 unitate
231 403 445 472 similitudinis
477 402 727 490 independenter
758 427 775 468 a
805 407 920 472 mentis

79 493 291 580 operatione5
321 515 398 581 ergo
425 489 521 574 datur
548 495 723 564 universale
746 491 921 569 formaliter
977 533 983 542 ·

75 601 201 667 aparte
217 583 273 648 rei.
302 581 405 667 Resp.
432 581 479 646 N.
514 581 685 646 secundam
704 590 824 670 partem
842 585 920 652 min.

71 668 202 736 Natura
235 671 318 740 enim
347 669 484 734 humana
516 670 546 734 in
578 669 743 736 individuis
768 671 921 738 distincta

70 779 136 835 non
163 777 255 824 esta
280 759 461 826 differentiis
489 759 677 838 numericis,
705 777 738 826 et
763 779 921 850 propter-

70 869 106 924 ea
123 871 191 912 non
209 866 257 914 est
275 845 419 930 perfecte
438 847 539 912 similis
556 869 612 912 seu
627 869 688 912 una
707 848 829 914 unitate
847 859 919 912 lor-

68 938 145 1002 mali
168 936 379 1002 similitudinis
404 935 656 1024 independenter
677 937 824 1003 amentis
843 937 918 1005 abs,

67 1025 245 1103 tructione.
425 1101 431 1109 ¹
584 1093 590 1106 ,
905 1072 914 1115 -,

143 1113 227 1178 lnst.
261 1134 284 1178 1.
303 1111 511 1182 Differentiae
527 1115 703 1184 numericae
720 1136 784 1183 non
798 1109 917 1186 tollunt

73 1202 230 1267 unitatem
260 1201 424 1271 formalem
449 1205 677 1284 similitudinis3
706 1227 781 1294 ergo
805 1225 917 1272 natura

67 1289 211 1358 ltumana
236 1313 283 1358 est
306 1290 482 1359 formaliter
504 1315 565 1358 una
591 1295 711 1363 unitate
731 1294 916 1361 similitudi-

66 1381 401 1469 nispindependenter
418 1405 435 1447 a
452 1382 562 1448 mentis
582 1385 784 1470 cogitatione.
814 1383 915 1453 Proh.

68 1487 135 1533 ant.
165 1471 270 1550 Quod
293 1473 556 1560 nonv'opponitur
587 1474 698 1536 unitati
723 1469 845 1538 formali
874 1474 914 1538 si·

69 1559 286 1639 militudinis‚
318 1559 400 1625 iilam
418 1581 481 1625 non
498 1559 630 1626 destruit
649 1582 660 1636 3
689 1561 746 1625 sed
762 1559 915 1626 differen-

73 1645 139 1712 tiae
167 1650 342 1716 numericae
370 1670 435 1714 non
461 1668 675 1736 opponuntur
702 1648 815 1714 unitati
844 1645 915 1713 for·-

72 1733 150 1810 tnali
179 1737 413 1814 similitudinis3
443 1759 518 1827 ergo
545 1737 741 1804 differentiae
769 1735 914 1804 numeri·-

74 1840 134 1890 cae
149 1845 214 1892 non
229 1827 341 1892 tollunt
358 1827 512 1892 unitatem
529 1821 701 1894 formalem.
732 1827 798 1894 Res
826 1875 833 1890 .
864 1825 912 1895 N.

68 1911 147 1987 min.
177 1915 286 1993 Quum
301 1914 475 1982 secundum
499 1914 649 1981 Scotistas
666 1917 769 1984 unitas
801 1939 913 1998 ormag·

65 1999 103 2076 lis
126 2005 341 2070 similitudinis
365 2021 525 2092 supponat
546 2023 673 2070 naturas
701 2005 844 2094 perfecte
870 2008 911 2072 si·
955 2071 960 2078 .

65 2090 161 2166 miles
186 2110 219 2158 et
246 2115 265 2158 a
292 2093 475 2161 differentiis
498 2094 665 2159 numericis
687 2096 845 2160 distinctas
868 2092 911 2157 si·

65 2199 111 2255 ne
152 2183 265 2246 mentis
300 2183 514 2260 operatione,
542 2203 707 2270 quumque
736 2181 768 2246 id
798 2181 909 2268 falsum

62 2269 131 2345 sit;
164 2288 255 2358 patet
282 2269 472 2338 differentias
498 2268 811 2356 numericas-unitati
827 2271 909 2351 *lom

61 2357 139 2422 mali
169 2359 380 2426 similitudinis
413 2361 579 2450 oppositas
608 2380 686 2429 esse.
900 2427 905 2443 p

66 2487 70 2494 .
136 2446 262 2520 Obiert.
289 2469 321 2529 4.
353 2449 444 2528 Quae
470 2448 578 2530 eadem
601 2447 780 2514 definitione
800 2447 908 2536 expli-

63 2549 208 2615 cantur,
237 2555 313 2601 sunt
333 2538 425 2617 unius
441 2556 570 2602 naturae
583 2559 593 2616 3
608 2587 610 2590 -
625 2540 680 2605 sed
699 2540 803 2626 omnia
820 2541 908 2630 eius-5

66 2622 144 2689 dem
177 2628 288 2708 speciei
321 2626 482 2695 individua
512 2647 574 2690 una
603 2624 784 2714 definitione
813 2650 908 2716 comp

62 2707 343 2797 preltenduntur,
376 2739 454 2805 ergo
491 2735 554 2778 una
583 2733 615 2782 et
654 2718 763 2782 eadem
796 2710 854 2784 est.
875 2719 906 2784 in

61 2798 214 2868 omnibus
231 2824 355 2869 natura.
383 2804 498 2892 Respa
520 2803 592 2868 dist.
624 2806 694 2870 mai.
726 2808 907 2896 suetonius

59 2908 202 2978 naturae
216 2893 401 2974 formaliter
425 2915 488 2986 per,
506 2893 629 2986 mentis,
647 2891 905 2982 abstractionem·
952 2957 961 2971 ,
