2298 3418
236 153 571 205 testimoninm.
592 157 667 206 unt.
685 157 728 208 n·
844 157 907 236 22²

322 311 599 386 ARTICVLVS
622 311 669 382 11.

164 491 223 561 De
238 489 352 572 certo,
374 491 497 558 inserto
515 506 619 582 arque
632 489 815 583 probabili.
898 509 902 526 '

51 695 286 846 'propositio
311 767 408 822 certe
435 664 527 823 nodis
552 772 621 822 esse
645 755 787 838 dicitur,
814 777 914 848 quum

72 846 300 934 cognoscimus
316 887 326 923 ,
345 863 414 911 eant
435 865 503 912 esse
516 865 624 911 veram
640 846 693 913 vel
715 844 837 914 falsam.
853 847 916 914 Isr-

73 952 169 1004 certa
201 952 337 1000 vocatur
362 979 375 1012 ,
406 932 429 996 si
456 955 522 998 non
554 935 776 1022 agnoscimus,
807 952 915 1003 utrum

11 1079 13 1084 ,
72 1042 149 1092 vera
167 1026 207 1088 sir
230 1045 271 1087 an
296 1019 386 1086 falsa.
409 1021 494 1088 Hinc
522 1023 651 1089 relativa
680 1039 728 1090 est
754 1025 832 1090 certi
859 1043 916 1092 at·
956 1073 960 1084 -

11 1131 13 1190 j
73 1137 141 1202 que
166 1111 277 1177 incerti
301 1112 389 1176 notio
405 1151 416 1190 ,
432 1131 531 1200 quum
553 1109 738 1178 relationem
753 1113 794 1180 ad
810 1113 911 1202 ipsum

11 1197 12 1256 ἶ
72 1211 321 1292 cognoscentem
343 1197 480 1279 habeat,
498 1217 530 1266 et
545 1200 617 1267 ideo
633 1200 697 1267 lieri
714 1219 849 1291 potest,
874 1217 911 1270 ut

11 1289 12 1292 ’
73 1293 186 1380 eadem
217 1288 394 1378 propositio
420 1289 475 1356 nni
498 1291 537 1355 sit
563 1304 675 1370 certe,
704 1291 797 1360 alteri
830 1313 910 1360 vero

76 1381 208 1446 incerta.

116 1461 170 1534 11'.
216 1466 247 1532 Si
269 1464 492 1556 praedicatum
504 1463 649 1533 subiecto
663 1469 832 1533 convenite
844 1469 920 1554 (aut

72 1569 134 1624 nori
152 1559 323 1625 convenire
342 1570 463 1644 ‚prout
479 1560 513 1622 in
531 1556 755 1644 propositione
770 1559 923 1622 enuntia-

73 1645 145 1732 tur)
161 1645 383 1712 demonstrare
408 1644 588 1721 valeamus,
603 1642 670 1708 sive
688 1641 831 1722 directe,
857 1644 923 1712 sivo

75 1735 272 1813 indirecte,
305 1733 483 1820 propositio
508 1731 601 1797 nobis
629 1749 717 1803 certa
747 1746 812 1798 esn-
836 1731 924 1800 Nam

75 1842 113 1890 ut
139 1843 239 1912 supra
261 1819 548 1889 demonstravimus
564 1819 622 1901 ,id
639 1819 755 1909 ,quod
771 1819 924 1888 demons-

77 1928 188 1978 tratur
216 1909 282 1978 sive
308 1911 429 1978 directe
443 1910 523 1988 ‚sive
538 1909 689 1976 indirecte
704 1955 715 1992 ,
738 1931 849 1976 verum
863 1927 923 1994 est3

75 2021 184 2088 quare
211 2021 317 2066 veram
341 2019 405 2064 esse
433 1997 688 2088 propositionem
709 2001 926 2088 agnoscimos;

77 2107 176 2157 certa
198 2088 297 2178 igitur
326 2086 416 2156 uobis
441 2105 498 2154 est.
526 2087 689 2167 Quoniam
714 2107 796 2166 reto
824 2091 926 2158 omnis

78 2177 315 2245 demonstratio
330 2175 513 2242 continetur
535 2176 846 2266 argumentationum
872 2197 928 2246 se-

77 2271 123 2334 rie
160 2268 193 2332 in
225 2264 341 2353 quibus
367 2266 558 2354 praemissae
591 2281 703 2328 omnes
735 2283 831 2329 verae
863 2285 931 2336 esse
967 2345 969 2348 ,

81 2355 235 2435 deberet
263 2355 305 2421 ad
331 2353 612 2422 demonstrationis
648 2350 711 2416 rim
741 2351 930 2440 percipien.

81 2447 156 2513 dam
185 2490 197 2524 ,
231 2463 295 2508 noo
324 2443 426 2508 solum
458 2440 651 2530 singularum
686 2441 941 2528 praemissarum·

82 2537 258 2602 veritatem
278 2532 458 2620 perspicere
478 2531 629 2598 debemus
647 2537 703 2614 ,et
716 2528 853 2596 formam
869 2528 933 2601 de-

86 2619 337 2689 monstrationis
369 2622 473 2685 animo
511 2617 770 2706 comprehensam
805 2618 932 2706 habete,

84 2711 141 2778 sed
173 2710 268 2775 etiam
293 2708 543 2798 particularem,
567 2717 861 2796 quanttractamus
878 2719 933 2778 ar·
969 2710 974 2720 ’

86 2798 338 2890 gumentationis
366 2799 538 2879 formam,
577 2796 692 2875 regulis
731 2798 933 2884 generalibus

83 2889 331 2956 convenientem
352 2903 537 2976 agnoscere.
562 2881 720 2957 Veritatis
750 2903 832 2972 ergo
858 2906 940 2983 cert·¹

617 2970 676 3040 Pa
