2326 3438
256 176 343 224 rans
368 173 398 222 r.
422 173 576 226 transtu.
600 172 677 222 cnr.
700 171 748 222 tt.
786 163 789 172 ⁴
882 172 923 244 ις

10 317 11 320 ,
78 263 172 312 rous.
203 242 304 312 Ratio
334 243 489 316 sufficiens
513 243 712 334 aequalitatis
741 241 929 334 angulorum

10 345 11 352 ’
80 333 119 398 tn
148 332 310 422 triangulo
332 337 526 420 aequilatero
555 349 603 402 est
630 333 762 402 laterum
788 331 929 421 aequali·

84 439 136 486 tas
152 445 162 498 s
189 445 228 490 ex
264 424 324 492 hac
356 417 437 495 enini
466 425 533 492 sola
567 419 776 488 demonstrari
806 439 928 508 potest,

88 511 224 598 angulos
249 513 281 578 in
307 511 468 602 triangulo
489 511 684 597 aequilatero
709 508 855 596 aequales
877 531 927 578 ese

88 617 121 664 se
140 598 271 668 debere.
302 601 406 672 Porto
425 601 559 672 latetunt
580 598 751 686 aequalitas
767 597 806 664 ad
823 619 928 668 esseuv

87 687 162 752 tiam
177 689 327 778 trianguli
345 691 528 778 aequilateri
545 687 710 776 pertinere
738 691 926 776 angulorum

84 796 166 842 vero
183 779 360 866 aequalitas
372 774 415 847 ad
427 777 586 850 attributa.
611 776 780 845 Ternarius
796 777 928 844 lateruut

84 883 241 936 uumerus
253 885 301 936 est
311 866 496 940 attributum
509 864 670 954 triangulis
683 861 828 932 omnibus
840 885 928 934 corae

85 973 201 1022 mune·
232 952 270 1024 Iu
292 954 355 1024 hoc
377 975 483 1026 autem
500 953 654 1022 attributo
670 953 828 1020 communi
849 973 926 1021 cous

86 1041 236 1130 sinentur
258 1043 411 1114 attributa
432 1043 492 1113 alia
507 1042 667 1132 triangulis
681 1038 825 1108 omuibus
839 1063 926 1106 comt

90 1128 218 1196 munia.
247 1131 277 1196 Si
297 1133 404 1226 ignota
430 1135 467 1198 sit
495 1129 571 1218 lapis
593 1129 755 1208 essentia,
785 1150 849 1201 non
874 1151 931 1219 pa·

90 1231 140 1284 tet
162 1219 270 1298 ratio,
298 1244 356 1290 cut
379 1220 500 1292 calidus
522 1219 586 1292 lieri
606 1219 718 1309 possit.
745 1217 930 1288 Ostenduat

90 1321 201 1376 autent
228 1306 354 1400 physici
390 1331 429 1379 ex
462 1308 574 1396 lapidis
604 1307 764 1380 attributis
792 1305 930 1390 calidum

88 1391 161 1462 lie'ri
178 1415 284 1482 posse.
315 1399 383 1468 Cur
400 1417 508 1470 autent
523 1397 611 1465 calor
632 1413 706 1466 actu
721 1395 794 1463 lusit
814 1442 823 1475 ,
851 1395 933 1462 ratio

86 1480 120 1556 in
147 1483 214 1550 alio
243 1503 315 1556 etate
343 1487 551 1564 continetur,
580 1482 677 1554 veluti
706 1485 736 1550 io
759 1484 847 1566 sole,
873 1506 931 1552 cu·

90 1570 139 1636 ius
169 1567 265 1644 radiis
292 1577 459 1666 expositus
489 1572 560 1640 fuit.
588 1571 706 1646 Arreni
733 1573 825 1642 ctiam
853 1594 930 1660 pus·

88 1677 163 1726 sent
185 1663 332 1750 exempla
350 1663 510 1752 plutima,
541 1661 572 1732 itt
601 1659 713 1746 quibus
738 1659 819 1726 ratio
844 1657 931 1730 suffia

89 1749 202 1827 ciens,
229 1771 287 1819 cur
311 1755 424 1824 tnodus
447 1751 557 1836 aliquis
579 1751 673 1828 insit,
698 1749 878 1817 continetur
897 1749 929 1814 irs

91 1838 242 1926 pluribus
258 1841 379 1924 enodis,
403 1840 452 1914 vel
466 1839 609 1925 pluribus
625 1838 767 1915 entibus,
788 1856 843 1906 aut
859 1859 933 1926 pun·

91 1927 149 1996 tint
172 1927 380 2009 inentibus,
409 1928 526 2024 partito
552 1931 583 1998 irs
607 1928 718 1994 modis.
749 1926 854 1996 Huius
879 1940 935 2017 ger

93 2015 180 2082 neris
206 2018 349 2104 exempla
371 2017 577 2108 suppeditant
605 2015 787 2099 morborum
807 2037 935 2092 causae.

94 2125 182 2191 quae
205 2113 269 2171 non
294 2106 395 2177 solunt
417 2125 566 2182 externae
590 2121 691 2181 sunt,
722 2104 776 2176 sed
796 2103 933 2172 internas

93 2212 228 2278 quoque
249 2215 421 2283 corporum
445 2193 675 2282 dispositioncs
690 2213 890 2284 supponunt.

141 2279 213 2349 IV.
262 2279 452 2354 incessentia
476 2284 555 2356 entis
581 2283 761 2349 continetur
785 2282 862 2346 ratio
882 2302 937 2346 eo·

94 2388 169 2436 tum
186 2389 268 2455 quae
288 2374 352 2444 enti
369 2374 475 2444 insunt
494 2371 545 2438 vel
559 2372 660 2436 inesse
681 2385 830 2456 possunt.
859 2369 938 2436 Vra·

96 2455 140 2523 de
161 2459 295 2530 essentia
316 2483 333 2534 a
352 2459 463 2534 ceteris
478 2475 493 2539 ,·
517 2481 599 2546 quac
613 2460 676 2540 coti
698 2461 830 2534 insunt,
860 2477 937 2546 pto·

94 2541 140 2610 he
167 2545 316 2635 distingui
347 2548 453 2620 deber.
488 2546 561 2635 ipsa
587 2545 670 2615 enirn
697 2547 815 2618 nullam
842 2548 935 2616 tatio·

96 2652 171 2704 rtem
189 2636 345 2707 internato
358 2637 478 2714 hahet,
506 2657 563 2702 cur
579 2636 642 2708 enti
657 2636 823 2706 conveniat
842 2659 852 2710 s
878 2657 933 2701 ee-

100 2735 170 2788 teta
185 2745 263 2793 reto
288 2747 369 2812 quae
386 2726 494 2790 insunt
515 2745 568 2795 aut
592 2725 691 2797 inesse
711 2740 872 2811 possunt,
903 2723 934 2788 iu
1007 2739 1008 2744 ’

97 2813 235 2885 arentia
256 2813 408 2888 rationem
428 2811 555 2888 habente
586 2811 744 2889 Etrerarira
764 2811 860 2900 igitur
880 2810 935 2876 de·

99 2895 178 2967 flulti
195 2917 329 2992 potesta
355 2900 396 2972 id
415 2900 505 2992 quod
522 2903 668 2992 prioratu
692 2902 729 2974 r‘u
753 2915 827 2970 eurr
854 2919 929 2967 carr-
