2258 3428
224 195 318 242 nnus.
339 195 369 241 1.
393 197 549 246 tootcss.
573 195 730 248 otu-111.
833 195 893 264 107

43 267 180 332 tionem
206 284 304 331 etex
330 263 494 330 hominnm
520 264 649 332 arbitrio
684 290 721 332 ac
749 285 895 331 conven-

47 358 150 440 tione
171 357 261 438 certis
284 354 377 420 rebus
401 353 609 444 significandis
631 373 705 422 sunt
724 355 897 432 destinatae
945 407 948 414 .

51 447 149 532 atqui
172 465 265 508 voces
292 460 365 508 sunt
389 445 475 532 signa
500 443 702 522 huiusmodi;
732 465 808 533 ergo
831 463 896 506 to·

53 553 111 604 ces
136 554 207 610 sunt
234 532 324 621 signa
352 531 542 610 arbitraria,
572 552 640 598 tum
668 533 894 622 cogitationum

57 643 149 688 nostr
209 646 261 698 m,
285 640 355 684 tum
378 643 492 688 retum.
518 621 610 688 Ptob.
636 623 710 688 mitt.
733 623 833 688 Nulla
850 637 898 686 est

53 642 340 776 naturalis-vocum
356 729 409 774 seu
428 731 578 776 sonorum
595 733 666 778 cum
685 712 795 790 rebus,
816 729 896 798 quas

50 803 256 888 significant,
280 799 441 864 connexio
463 800 511 864 vel
537 801 731 878 similitudo,
754 819 784 865 et
813 795 899 884 apud

51 891 198 956 diversas
224 889 365 952 nationes
388 887 530 956 eamdem
552 888 669 955 habent
695 887 899 976 significatio·

48 1000 129 1042 nem
157 995 257 1040 voces
278 997 404 1062 prorsus
427 977 580 1050 diversae.
604 978 652 1042 Sic
679 975 772 1042 Deus
790 975 897 1054 latine,

48 1069 270 1152 oticgtaeoe
305 1061 371 1128 Got
407 1065 606 1154 germanice,
647 1065 717 1154 Bog
751 1065 901 1152 polonice

50 1174 116 1218 ens
133 1147 391 1241 pellectissimum
410 1155 593 1242 significant.
611 1153 819 1228 Vocabulum
839 1173 901 1218 au·-

53 1258 126 1306 tem
165 1243 230 1328 hog
254 1240 362 1328 Anglis
392 1245 572 1332 voraginem
591 1246 758 1332 ,exprimit-
787 1241 902 1312 Vocet

51 1330 158 1418 igitur
185 1352 241 1418 pet
262 1351 295 1396 se
316 1330 524 1398 indifferentes
549 1353 621 1398 sunt
644 1333 684 1398 ad
706 1355 769 1398 tem
789 1353 901 1420 quam·

52 1439 203 1506 cumque
230 1419 482 1506 significandam,
512 1439 543 1485 et
568 1444 606 1486 cx
634 1420 795 1486 hominum
820 1421 920 1488 intet.

55 1529 91 1572 se
122 1524 280 1573 societate
311 1528 556 1584 ’coniunctorum
598 1510 808 1574 conventione
847 1527 901 1572 at·

57 1617 127 1680 que
154 1617 213 1660 usu
238 1597 301 1658 vim
330 1595 449 1660 habent
476 1596 681 1684 significandi.
712 1595 812 1674 Quod
842 1614 907 1670 au·-⁸

60 1699 130 1750 tem
158 1703 190 1749 et
217 1685 362 1750 notiones
392 1705 515 1749 nostras
537 1707 568 1752 et
594 1688 675 1773 ipsas
705 1703 751 1749 tes
784 1682 904 1770 signiti-

63 1789 165 1848 cent,
179 1772 456 1838 ,evidentissimum
476 1791 533 1840 est.
548 1775 633 1840 Nam
653 1793 708 1862 pet
722 1793 817 1838 voces
840 1771 905 1836 aliis

66 1857 302 1926 manifestamus
325 1861 532 1950 cogitationes
553 1884 695 1941 nostras,
724 1881 754 1930 et
770 1861 904 1928 aliorum
969 1905 976 1932 t

63 1949 277 2038 cogitationes
299 1952 530 2039 cognoscimus.
553 1952 635 2031 Quia
662 1975 737 2021 voto
759 1953 904 2018 notiones

62 2056 194 2112 nostrae
220 2056 293 2102 sunt
310 2037 448 2128 ipsarum
465 2063 569 2106 tetum
589 2042 904 2128 repraesentationem

62 2143 159 2212 patet
173 2148 327 2215 quoque,
343 2147 437 2192 voces
452 2149 517 2196 esse
531 2132 670 2218 ipsarum
685 2151 784 2192 tetum
806 2131 905 2215 signa·

64 2214 119 2278 Sic
132 2236 194 2278 vox
210 2214 316 2292 ltomo,
332 2215 408 2281 dum
423 2217 570 2296 effertur,
587 2237 641 2308 aut
658 2215 826 2295 scribitur,
841 2237 905 2282 nou

63 2303 172 2368 solum
201 2301 335 2368 hominis
360 2328 475 2372 nomen
501 2306 670 2396 indigitat,
702 2303 756 2370 sed
781 2323 810 2370 et
841 2328 908 2372 tem

64 2391 170 2477 ipsam
196 2393 259 2456 hoc
284 2393 411 2460 nomine
440 2410 712 2480 repraesentatam.
736 2391 778 2456 Et
798 2414 908 2477 quam·
983 2407 985 2414 '

67 2480 121 2541 vis
140 2501 179 2544 eo
199 2480 330 2545 consilio
349 2485 544 2572 excogitatae
562 2485 622 2548 sint
640 2503 756 2562 voces,
773 2498 809 2548 ut
824 2483 910 2569 quis·

69 2589 140 2652 que
169 2567 254 2636 alteri
284 2591 354 2634 suas
382 2571 591 2660 cogitationes
622 2574 771 2660 apetiat3
803 2589 914 2653 tamen,

72 2655 130 2740 qui
160 2657 308 2736 audiunt,
330 2659 427 2748 magis
451 2659 491 2724 ad
514 2683 560 2726 res
585 2661 667 2745 ipsas
693 2659 823 2726 vocibus
849 2663 910 2750 sig·

68 2744 234 2826 nificatas,
262 2769 359 2833 quam
385 2749 424 2814 ad
451 2750 612 2836 loquentis
642 2767 819 2836 conceptus
848 2754 912 2816 ad·-

68 2849 201 2898 vertunt
224 2835 381 2922 ani-mum,
407 2838 480 2903 licet
501 2836 653 2925 primaria
675 2838 835 2922 loquentis
858 2841 912 2902 iu·

68 2925 172 2988 tentio
197 2922 259 3002 sit,
285 2941 322 2989 ut
343 2945 519 3014 conceptus
547 2948 622 2996 suos
646 2926 820 3014 exprimat,
888 2979 891 2987 .
