2258 3428
260 279 343 326 rans
367 277 394 322 r.
418 271 569 322 uootctt.
593 275 668 320 cnr.
692 274 735 322 11.
855 281 915 328 tor

68 365 107 408 sa
138 343 166 407 in
188 346 248 409 suis
271 347 436 416 effectibus
460 345 658 422 continetur3
683 341 790 410 saltem
808 367 916 434 quan·-

70 447 144 498 tum
165 429 296 517 suflicit,
321 453 358 502 ut
379 458 434 525 per
461 434 530 498 illos
548 435 643 496 menti
660 435 849 500 exhibeatur
863 437 918 503 di·

73 520 271 589 versimode.

139 607 210 674 Inar
232 633 266 702 3.
291 611 374 680 Inde
388 623 590 700 sequeretur,
607 607 665 674 hos
682 611 823 678 diversos
841 635 921 684 eon-

75 715 271 784 ceptusesse
289 701 396 789 potius
412 713 587 788 conceptus
605 697 802 764 diversorum
819 701 918 770 elfec-

70 799 188 865 tuum,
226 811 323 878 quam
359 792 449 856 unius
487 805 519 854 et
558 786 693 854 eiusdem
727 793 796 868 rei;
839 813 917 880 ergo

66 876 160 940 nulla
188 895 237 942 est
268 881 397 944 solutio.
430 879 530 964 Resp.
563 873 610 938 N.
641 881 811 960 sequelam.
837 883 917 947 Sunt

68 965 156 1028 enim
185 973 364 1055 conceptus
392 967 482 1032 unius
510 983 541 1030 ee
578 962 717 1029 eiusdem
761 969 827 1044 rei,
864 972 919 1037 sed

68 1068 152 1115 sunt
175 1072 351 1144 conceptus
362 1055 543 1144 praetirivi
559 1071 613 1115 seu
630 1054 846 1134 abstractivi,
866 1059 920 1142 qui

67 1137 255 1206 formantur
275 1167 332 1232 per
356 1145 455 1207 varias
482 1141 670 1219 relationes,
697 1163 775 1230 quar
793 1165 840 1208 ree
856 1145 919 1212 ha·

70 1227 134 1292 bet
158 1229 199 1296 ad
225 1229 364 1298 diversos
390 1231 534 1298 effectus.

144 1317 270 1384 Obircr.
300 1341 330 1408 5.
355 1319 445 1384 Idem
469 1336 538 1384 esto
564 1315 716 1383 iudicium
739 1317 781 1384 de
806 1324 919 1390 ceteri·

65 1403 224 1494 gradibus
252 1401 505 1498 metaphysicis,
536 1406 625 1490 quod
654 1407 696 1472 de
726 1408 921 1479 animalitate

69 1513 106 1559 et
129 1495 342 1562 rationalitate
368 1497 475 1573 Petri3
496 1495 585 1581 atqui
608 1493 781 1561 animalitas
809 1515 840 1562 et
869 1521 920 1565 ra·

69 1581 236 1648 tionalitas
261 1585 347 1651 Petri
372 1585 609 1672 distinguuntur
624 1585 764 1661 realiter,
791 1586 841 1649 vel
858 1589 921 1650 sal-

72 1685 138 1734 tem
169 1667 344 1738 formaliter
375 1695 414 1739 ex
445 1675 556 1737 nntdra
587 1669 653 1748 rei;
693 1691 769 1757 ergo
805 1673 920 1760 gradus

73 1759 293 1850 metaphysicl
314 1773 377 1831 n'on
401 1763 636 1847 distinguuntur
652 1759 847 1838 virtualiter,
865 1783 922 1828 seu

76 1867 149 1912 eum
170 1847 393 1916 fundamento.
418 1850 517 1935 Rerp.
547 1847 620 1912 dist.
643 1848 713 1910 mai.
739 1848 923 1914 eianimali-

79 1939 148 2000 tatia
178 1939 309 2004 nomine
330 1939 531 2026 'intelligatur
561 1935 748 2022 principium
780 1941 922 2004 sentien-

74 2022 130 2104 di,
157 2027 254 2114 quod
283 2046 331 2092 est
358 2029 389 2090 in
420 2027 521 2090 anima
548 2027 818 2091 coniuncturum
844 2050 923 2092 cor-

77 2133 180 2198 pore,
220 2131 254 2182 et
294 2109 515 2182 rationalitatis
559 2114 683 2177 nomine
727 2115 923 2202 intelligatur

80 2203 175 2267 etiam
214 2202 348 2268 facultas
390 2199 444 2270 te'u
484 2203 671 2291 principium
713 2204 923 2270 ratiocinandi
985 2247 991 2256 ·

80 2287 300 2376 dependenter
324 2315 341 2356 a
364 2291 530 2370 sensibns3
556 2291 595 2354 C.
619 2289 688 2351 mai.
712 2305 742 2352 et
758 2289 802 2352 N.
820 2292 921 2372 mim,

77 2397 190 2460 secus,
217 2381 265 2445 N.
295 2382 364 2445 mai.
395 2399 426 2446 et
457 2381 498 2444 C.
525 2377 601 2442 min.
633 2374 746 2464 Itaque
775 2381 922 2443 animali-

77 2468 156 2530 tatis
190 2489 222 2535 et
243 2466 477 2534 'rationalitatis
518 2467 643 2531 nomina
679 2486 742 2528 non
772 2467 812 2528 ita
838 2467 924 2533 clara

82 2573 178 2634 eunt,
212 2575 248 2621 ut
285 2558 324 2622 ab
352 2557 495 2620 omnibus
526 2552 723 2642 philosophis
753 2555 782 2618 in
808 2553 922 2622 eodem

80 2661 180 2705 sensu
207 2645 413 2732 accipiantur.
449 2642 625 2708 Cartesiani
662 2665 717 2729 per
743 2644 925 2710 animalita-

85 2743 157 2791 tem
182 2753 239 2797 non
270 2735 470 2822 intelligunt,
498 2732 555 2796 nisi
582 2753 698 2818 corpus
723 2732 939 2819 organicum„

79 2835 236 2905 quatenus
268 2822 435 2908 spirituum
462 2820 642 2885 animalium
674 2841 738 2905 ope
768 2820 807 2883 ad
831 2817 923 2885 func-

78 2907 189 2974 tiones
229 2909 369 2976 animalis
409 2909 573 2976 obeundas
617 2925 726 2993 aptum
767 2908 923 2973 reddi-tur.

80 2995 150 3060 Per
193 2999 434 3064 rationalitatem
475 3021 551 3064 reto
589 2995 769 3082 intelligunt
802 2993 928 3080 prinei-
