2298 3418
132 289 139 304 ι
223 233 298 280 rrns
320 231 362 280 tr.
387 229 554 278 rontonn.
578 223 655 278 car.
680 229 721 278 tt.
825 213 885 300 165

90 291 217 362 lonasio
243 303 303 370 hoc
330 295 405 366 casu
433 299 699 382 considerantur,
726 319 888 391 tamqnam

44 465 49 474 Ι
92 387 288 468 propositiones
311 390 486 480 singulares
509 389 686 476 oppositae.
712 393 791 458 Sunt
811 413 895 482 ergo·

94 466 172 534 inlac
182 474 349 568 hypothesi
359 476 638 546 contradictoriae.
664 478 703 543 E.
721 502 752 568 g.
768 480 793 544 si
811 503 888 569 pro·

96 560 599 654 positionesindefinitas'oppositas:
612 566 890 658 triangularibu-

92 643 209 720 lettres
233 654 399 749 angulos,
425 673 456 720 et
480 653 682 743 triangulum
706 659 889 726 nonhabet

86 746 138 798 tres
151 742 301 833 angulos,
331 745 374 808 ita
390 743 549 830 explicas:
576 743 637 808 hoc
653 746 820 832 lignrnrnrn
835 767 889 836 ge·

84 839 150 905 nns,
174 833 257 916 quod
271 833 418 921 trianguli
437 831 564 897 nornine
578 831 771 920 designatur
785 877 794 912 ,
827 834 890 901 ha-

83 905 125 974 bet
147 931 204 984 tres
228 922 392 1010 angulos,
420 937 453 986 et
482 917 545 984 hoc
576 919 747 1006 figurarunt
780 943 888 1009 genus,

82 1003 155 1084 quod
167 1009 310 1099 trianguli
326 1010 454 1074 nornine
479 1005 661 1096 designatur
679 1053 688 1087 ,
714 1009 890 1080 nonhabet

82 1100 133 1190 lter
146 1099 297 1186 angulos,
321 1097 557 1188 propositiones
577 1098 687 1186 utique
705 1099 892 1166 contradio-

82 1187 161 1246 torrae
185 1205 268 1252 sunt.
787 1242 790 1252 .

117 1265 208 1372 Vin·
254 1276 288 1342 Si
311 1274 344 1338 in
371 1271 495 1340 duabus
520 1271 788 1362 propositionibus
802 1275 892 1343 astit-

80 1371 182 1452 triatrus
200 1381 255 1430 aut
276 1364 456 1451 negativis,
484 1383 617 1448 quatum
638 1385 701 1428 una
725 1364 892 1430 universa-

79 1437 130 1520 l¹⁸s
153 1447 245 1520 altera
268 1450 496 1542 particularis,
519 1452 568 1518 rel
590 1467 725 1538 utraque
748 1452 892 1537 particu-

79 1527 138 1596 ltris
163 1539 309 1608 subiecto
332 1539 431 1616 eidem
446 1537 658 1615 tribuuntur,
687 1559 768 1623 quae
792 1541 894 1603 eidem

78 1634 128 1716 {lna
148 1633 318 1699 convenire
341 1643 503 1714 nequeunt
516 1674 525 1708 ,
538 1685 542 1694 .
554 1629 608 1692 vel
631 1623 670 1692 ab
685 1625 799 1692 eodem
814 1625 894 1690 snb-

81 1723 147 1774 tecto
159 1737 384 1784 removeantur
400 1737 459 1796 ea,
490 1737 626 1803 quorum
642 1715 828 1780 alterutrum
844 1715 895 1780 ei-

82 1793 136 1863 den
157 1806 336 1874 necessario
360 1805 532 1882 convenit·;
563 1805 795 1893 propositiones
822 1822 895 1870 sunt

82 1895 348 1970 contradictoriae,
363 1893 418 1958 etsi
430 1893 506 1957 tales
519 1917 583 1960 non
596 1909 780 1980 appareant.
796 1889 896 1970 Quod

81 1976 188 2058 quidem
204 1982 358 2068 exemplis
379 1979 505 2046 evidens
521 1983 587 2047 liet.
617 1982 706 2046 Duae
722 1981 798 2047 istae
815 2003 897 2067 pru·

42 2111 43 2114 ,
80 2067 265 2144 positiones:
298 2091 385 2134 omrre
406 2085 507 2133 totum
529 2085 578 2134 est
603 2075 709 2133 maius
731 2091 791 2134 sua
809 2091 898 2156 par·
948 2081 950 2090 ‘

79 2161 127 2228 lt,
153 2176 183 2222 et
212 2173 319 2228 torum
346 2157 514 2246 quoddam
528 2173 576 2224 est
590 2161 695 2222 minut
709 2177 770 2220 tna
783 2173 896 2242 parte,

79 2245 330 2334 fontradictotiae
358 2264 457 2322 sunt;
485 2245 559 2332 quia
588 2246 678 2333 qnod
708 2244 807 2308 nrlnns
835 2263 896 2326 est,

79 2324 105 2390 td
118 2351 175 2396 non
195 2355 247 2402 est
269 2334 390 2410 maius,
419 2349 517 2422 atque
538 2333 610 2399 ideo
625 2331 801 2420 propositio
821 2355 899 2414 par·

79 2412 201 2486 ticnlatis
218 2470 228 2502 ‚
252 2421 417 2512 quoddam
434 2437 537 2486 rosum
549 2436 598 2488 est
612 2423 716 2486 minut
730 2442 791 2486 sua
810 2440 899 2509 pnr-

79 2514 130 2581 tr,
155 2510 330 2599 aequivalet
357 2509 427 2576 huic
460 2511 570 2576 alteri:
601 2508 768 2598 quoddam
794 2524 898 2574 toturn

80 2607 199 2664 nonest
226 2603 333 2676 maius
360 2621 419 2664 sua
446 2615 570 2685 parter
598 2599 735 2686 ideoque
765 2618 901 2663 contra-

81 2677 146 2746 dicit
169 2687 360 2752 universalis
388 2693 490 2752 torrem
515 2703 563 2752 est
591 2689 699 2752 maius
727 2707 789 2750 sua
812 2708 901 2772 par·

80 2779 117 2830 le·
142 2770 180 2837 In
198 2798 271 2842 casn
286 2777 430 2862 singulari
444 2775 708 2842 contradictoriae
726 2791 819 2836 sunt-r
836 2772 902 2839 Pe·

82 2867 145 2924 lrut
172 2864 290 2942 sedet,
319 2884 351 2926 et
382 2861 504 2935 Petrus
531 2861 681 2929 ambulat
697 2905 707 2940 ,
723 2863 808 2946 aquia
837 2883 902 2923 arn·

84 2938 181 3016 bulans
199 2975 262 3019 non
278 2951 376 3020 sedet.
395 2951 539 3020 Similiter
553 2951 635 3020 duae
651 2948 902 3040 propositioness
