<?xml version="1.0" encoding="UTF-8"?>
<!DOCTYPE html PUBLIC "-//W3C//DTD XHTML 1.0 Transitional//EN"
    "http://www.w3.org/TR/xhtml1/DTD/xhtml1-transitional.dtd">
<html xmlns="http://www.w3.org/1999/xhtml" xml:lang="en" lang="en">
 <head>
  <title>
</title>
<meta http-equiv="Content-Type" content="text/html;charset=utf-8" />
  <meta name='ocr-system' content='tesseract 3.04.00' />
  <meta name='ocr-capabilities' content='ocr_page ocr_carea ocr_par ocr_line ocrx_word'/>
</head>
<body>
  <div class='ocr_page' id='page_1' title='image "./institutionesph00jacqgoog_0092.png"; bbox 0 0 2258 3428; ppageno 0'>
   <div class='ocr_carea' id='block_1_1' title="bbox 50 186 907 1341">
    <p class='ocr_par' dir='ltr' id='par_1_1' title="bbox 240 186 905 282">
     <span class='ocr_line' id='line_1_1' title="bbox 240 186 905 282; baseline 0.005 -30"><span class='ocrx_word' id='word_1_1' title='bbox 240 205 324 253; x_wconf 78' lang='lat' dir='ltr'>snut</span> <span class='ocrx_word' id='word_1_2' title='bbox 349 203 366 251; x_wconf 93' lang='lat' dir='ltr'>r</span> <span class='ocrx_word' id='word_1_3' title='bbox 392 203 553 253; x_wconf 80' lang='lat' dir='ltr'>rootcas.</span> <span class='ocrx_word' id='word_1_4' title='bbox 571 203 645 252; x_wconf 79' lang='lat' dir='ltr'>cnr.</span> <span class='ocrx_word' id='word_1_5' title='bbox 664 205 716 258; x_wconf 90' lang='lat' dir='ltr'>tr.</span> <span class='ocrx_word' id='word_1_6' title='bbox 860 186 905 282; x_wconf 81' lang='lat'>69</span> 
     </span>
    </p>

    <p class='ocr_par' dir='ltr' id='par_1_2' title="bbox 50 274 907 1341">
     <span class='ocr_line' id='line_1_2' title="bbox 56 274 906 374; baseline -0.002 -30"><span class='ocrx_word' id='word_1_7' title='bbox 56 294 134 345; x_wconf 86' lang='lat' dir='ltr'>tum</span> <span class='ocrx_word' id='word_1_8' title='bbox 164 274 219 342; x_wconf 89' lang='lat' dir='ltr'>llet</span> <span class='ocrx_word' id='word_1_9' title='bbox 248 279 279 340; x_wconf 93' lang='lat' dir='ltr'>in</span> <span class='ocrx_word' id='word_1_10' title='bbox 310 275 423 350; x_wconf 87' lang='lat' dir='ltr'>harum</span> <span class='ocrx_word' id='word_1_11' title='bbox 453 276 684 340; x_wconf 80' lang='lat' dir='ltr'>institutionum</span> <span class='ocrx_word' id='word_1_12' title='bbox 716 292 906 374; x_wconf 77' lang='lat' dir='ltr'>progressu.</span> 
     </span>
     <span class='ocr_line' id='line_1_3' title="bbox 109 361 905 452; baseline 0.008 -24"><span class='ocrx_word' id='word_1_13' title='bbox 109 361 171 430; x_wconf 89' lang='lat' dir='ltr'>Ill.</span> <span class='ocrx_word' id='word_1_14' title='bbox 217 361 288 442; x_wconf 82' lang='lat' dir='ltr'>Ea,</span> <span class='ocrx_word' id='word_1_15' title='bbox 313 365 451 452; x_wconf 87' lang='lat' dir='ltr'>quaein</span> <span class='ocrx_word' id='word_1_16' title='bbox 480 363 572 429; x_wconf 89' lang='lat' dir='ltr'>rebus</span> <span class='ocrx_word' id='word_1_17' title='bbox 603 365 770 450; x_wconf 85' lang='lat' dir='ltr'>existunt,</span> <span class='ocrx_word' id='word_1_18' title='bbox 806 364 905 430; x_wconf 74' lang='lat' dir='ltr'>veluti</span> 
     </span>
     <span class='ocr_line' id='line_1_4' title="bbox 61 452 907 532; baseline 0.001 -13"><span class='ocrx_word' id='word_1_19' title='bbox 61 473 166 519; x_wconf 84' lang='lat' dir='ltr'>earum</span> <span class='ocrx_word' id='word_1_20' title='bbox 193 452 349 520; x_wconf 90' lang='lat' dir='ltr'>attributa</span> <span class='ocrx_word' id='word_1_21' title='bbox 375 473 407 518; x_wconf 88' lang='lat' dir='ltr'>et</span> <span class='ocrx_word' id='word_1_22' title='bbox 434 452 543 532; x_wconf 91' lang='lat' dir='ltr'>modi,</span> <span class='ocrx_word' id='word_1_23' title='bbox 574 471 630 518; x_wconf 90' lang='lat' dir='ltr'>aut</span> <span class='ocrx_word' id='word_1_24' title='bbox 665 455 761 524; x_wconf 91' lang='lat' dir='ltr'>etiam</span> <span class='ocrx_word' id='word_1_25' title='bbox 804 453 907 520; x_wconf 82' lang='lat' dir='ltr'>veluti</span> 
     </span>
     <span class='ocr_line' id='line_1_5' title="bbox 66 541 905 631; baseline 0.001 -25"><span class='ocrx_word' id='word_1_26' title='bbox 66 565 165 608; x_wconf 88' lang='lat' dir='ltr'>earum</span> <span class='ocrx_word' id='word_1_27' title='bbox 180 544 354 609; x_wconf 85' lang='lat' dir='ltr'>relationes</span> <span class='ocrx_word' id='word_1_28' title='bbox 369 541 410 606; x_wconf 91' lang='lat' dir='ltr'>ad</span> <span class='ocrx_word' id='word_1_29' title='bbox 424 563 469 605; x_wconf 88' lang='lat' dir='ltr'>tes</span> <span class='ocrx_word' id='word_1_30' title='bbox 482 543 573 617; x_wconf 88' lang='lat' dir='ltr'>alias,</span> <span class='ocrx_word' id='word_1_31' title='bbox 589 545 811 628; x_wconf 85' lang='lat' dir='ltr'>repraesentari</span> <span class='ocrx_word' id='word_1_32' title='bbox 825 565 905 631; x_wconf 90' lang='lat' dir='ltr'>pos-</span> 
     </span>
     <span class='ocr_line' id='line_1_6' title="bbox 63 629 906 718; baseline 0.006 -24"><span class='ocrx_word' id='word_1_33' title='bbox 63 648 149 708; x_wconf 84' lang='lat' dir='ltr'>sunt,</span> <span class='ocrx_word' id='word_1_34' title='bbox 169 633 402 717; x_wconf 71' lang='lat' dir='ltr'>vel‘tamquam</span> <span class='ocrx_word' id='word_1_35' title='bbox 418 629 510 695; x_wconf 87' lang='lat' dir='ltr'>rebus</span> <span class='ocrx_word' id='word_1_36' title='bbox 526 629 603 718; x_wconf 87' lang='lat' dir='ltr'>ipsis</span> <span class='ocrx_word' id='word_1_37' title='bbox 619 631 836 712; x_wconf 82' lang='lat' dir='ltr'>inhaerentes,</span> <span class='ocrx_word' id='word_1_38' title='bbox 853 631 906 699; x_wconf 86' lang='lat' dir='ltr'>vel</span> 
     </span>
     <span class='ocr_line' id='line_1_7' title="bbox 64 717 904 816; baseline 0.006 -35"><span class='ocrx_word' id='word_1_39' title='bbox 64 721 222 810; x_wconf 80' lang='lat' dir='ltr'>sigillatim</span> <span class='ocrx_word' id='word_1_40' title='bbox 246 739 407 807; x_wconf 82' lang='lat' dir='ltr'>tamquam</span> <span class='ocrx_word' id='word_1_41' title='bbox 434 717 474 781; x_wconf 88' lang='lat' dir='ltr'>ab</span> <span class='ocrx_word' id='word_1_42' title='bbox 502 721 572 805; x_wconf 90' lang='lat' dir='ltr'>ipsis</span> <span class='ocrx_word' id='word_1_43' title='bbox 603 721 697 787; x_wconf 78' lang='lat' dir='ltr'>rebus</span> <span class='ocrx_word' id='word_1_44' title='bbox 726 739 904 816; x_wconf 85' lang='lat' dir='ltr'>separatae.</span> 
     </span>
     <span class='ocr_line' id='line_1_8' title="bbox 55 808 905 878; baseline 0.005 -6"><span class='ocrx_word' id='word_1_45' title='bbox 55 808 138 874; x_wconf 90' lang='lat' dir='ltr'>Hinc</span> <span class='ocrx_word' id='word_1_46' title='bbox 155 810 253 874; x_wconf 89' lang='lat' dir='ltr'>notio</span> <span class='ocrx_word' id='word_1_47' title='bbox 266 809 381 874; x_wconf 89' lang='lat' dir='ltr'>dicitur</span> <span class='ocrx_word' id='word_1_48' title='bbox 397 808 572 874; x_wconf 79' lang='lat' dir='ltr'>abstracta</span> <span class='ocrx_word' id='word_1_49' title='bbox 584 810 635 872; x_wconf 86' lang='lat' dir='ltr'>vel</span> <span class='ocrx_word' id='word_1_50' title='bbox 649 811 905 878; x_wconf 66' lang='lat' dir='ltr'>concretalibr·</span> 
     </span>
     <span class='ocr_line' id='line_1_9' title="bbox 54 894 905 984; baseline 0 -20"><span class='ocrx_word' id='word_1_51' title='bbox 54 915 155 964; x_wconf 87' lang='lat' dir='ltr'>tracta</span> <span class='ocrx_word' id='word_1_52' title='bbox 183 921 221 964; x_wconf 88' lang='lat' dir='ltr'>ea</span> <span class='ocrx_word' id='word_1_53' title='bbox 237 914 307 976; x_wconf 87' lang='lat' dir='ltr'>est,</span> <span class='ocrx_word' id='word_1_54' title='bbox 331 917 416 984; x_wconf 78' lang='lat' dir='ltr'>quac</span> <span class='ocrx_word' id='word_1_55' title='bbox 431 894 564 984; x_wconf 83' lang='lat' dir='ltr'>aliquid</span> <span class='ocrx_word' id='word_1_56' title='bbox 575 897 719 964; x_wconf 80' lang='lat' dir='ltr'>subiecto</span> <span class='ocrx_word' id='word_1_57' title='bbox 733 899 905 966; x_wconf 79' lang='lat' dir='ltr'>inhaerens</span> 
     </span>
     <span class='ocr_line' id='line_1_10' title="bbox 50 985 905 1076; baseline -0.001 -23"><span class='ocrx_word' id='word_1_58' title='bbox 50 1001 292 1076; x_wconf 83' lang='lat' dir='ltr'>repraesentat</span> <span class='ocrx_word' id='word_1_59' title='bbox 310 990 434 1074; x_wconf 84' lang='lat' dir='ltr'>absque</span> <span class='ocrx_word' id='word_1_60' title='bbox 450 1008 489 1049; x_wconf 78' lang='lat' dir='ltr'>ea</span> <span class='ocrx_word' id='word_1_61' title='bbox 507 1007 554 1064; x_wconf 84' lang='lat' dir='ltr'>re,</span> <span class='ocrx_word' id='word_1_62' title='bbox 571 987 624 1050; x_wconf 80' lang='lat' dir='ltr'>cui</span> <span class='ocrx_word' id='word_1_63' title='bbox 636 985 796 1054; x_wconf 79' lang='lat' dir='ltr'>inhaeret.</span> <span class='ocrx_word' id='word_1_64' title='bbox 814 987 905 1052; x_wconf 89' lang='lat' dir='ltr'>Con·</span> 
     </span>
     <span class='ocr_line' id='line_1_11' title="bbox 51 1069 904 1164; baseline 0.004 -24"><span class='ocrx_word' id='word_1_65' title='bbox 51 1093 142 1142; x_wconf 86' lang='lat' dir='ltr'>creta</span> <span class='ocrx_word' id='word_1_66' title='bbox 160 1093 273 1138; x_wconf 90' lang='lat' dir='ltr'>autem</span> <span class='ocrx_word' id='word_1_67' title='bbox 289 1091 444 1149; x_wconf 88' lang='lat' dir='ltr'>vocatur,</span> <span class='ocrx_word' id='word_1_68' title='bbox 458 1095 541 1163; x_wconf 79' lang='lat' dir='ltr'>qnae</span> <span class='ocrx_word' id='word_1_69' title='bbox 555 1069 691 1164; x_wconf 83' lang='lat' dir='ltr'>aliquid</span> <span class='ocrx_word' id='word_1_70' title='bbox 700 1079 843 1144; x_wconf 77' lang='lat' dir='ltr'>subiecto</span> <span class='ocrx_word' id='word_1_71' title='bbox 857 1079 904 1143; x_wconf 83' lang='lat' dir='ltr'>in·</span> 
     </span>
     <span class='ocr_line' id='line_1_12' title="bbox 52 1164 903 1252; baseline 0 -24"><span class='ocrx_word' id='word_1_72' title='bbox 52 1164 199 1229; x_wconf 82' lang='lat' dir='ltr'>haerens</span> <span class='ocrx_word' id='word_1_73' title='bbox 220 1175 472 1248; x_wconf 78' lang='lat' dir='ltr'>repraesentat,</span> <span class='ocrx_word' id='word_1_74' title='bbox 498 1177 534 1246; x_wconf 79' lang='lat' dir='ltr'>nt</span> <span class='ocrx_word' id='word_1_75' title='bbox 555 1165 605 1227; x_wconf 84' lang='lat' dir='ltr'>rei</span> <span class='ocrx_word' id='word_1_76' title='bbox 628 1165 694 1252; x_wconf 76' lang='lat' dir='ltr'>ipsi</span> <span class='ocrx_word' id='word_1_77' title='bbox 720 1168 903 1231; x_wconf 77' lang='lat' dir='ltr'>inhaerens.</span> 
     </span>
     <span class='ocr_line' id='line_1_13' title="bbox 51 1249 903 1341; baseline 0.001 -24"><span class='ocrx_word' id='word_1_78' title='bbox 51 1251 93 1317; x_wconf 88' lang='grc' dir='ltr'>Ε.</span> <span class='ocrx_word' id='word_1_79' title='bbox 118 1274 151 1341; x_wconf 85' lang='lat' dir='ltr'>g.</span> <span class='ocrx_word' id='word_1_80' title='bbox 177 1252 203 1315; x_wconf 87' lang='lat' dir='ltr'>si</span> <span class='ocrx_word' id='word_1_81' title='bbox 230 1251 324 1316; x_wconf 91' lang='lat' dir='ltr'>color</span> <span class='ocrx_word' id='word_1_82' title='bbox 352 1250 570 1316; x_wconf 86' lang='lat' dir='ltr'>consideretur</span> <span class='ocrx_word' id='word_1_83' title='bbox 598 1249 717 1340; x_wconf 81' lang='lat' dir='ltr'>absque</span> <span class='ocrx_word' id='word_1_84' title='bbox 746 1253 903 1334; x_wconf 78' lang='lat' dir='ltr'>subiectO,</span> 
     </span>
    </p>
   </div>
   <div class='ocr_carea' id='block_1_2' title="bbox 51 1339 999 1422">
    <p class='ocr_par' dir='ltr' id='par_1_3' title="bbox 51 1339 999 1422">
     <span class='ocr_line' id='line_1_14' title="bbox 51 1339 999 1422; baseline -0.014 -17"><span class='ocrx_word' id='word_1_85' title='bbox 51 1343 103 1406; x_wconf 91' lang='lat' dir='ltr'>cui</span> <span class='ocrx_word' id='word_1_86' title='bbox 128 1343 298 1416; x_wconf 82' lang='lat' dir='ltr'>inhaeret,</span> <span class='ocrx_word' id='word_1_87' title='bbox 316 1357 352 1404; x_wconf 91' lang='lat' dir='ltr'>ut</span> <span class='ocrx_word' id='word_1_88' title='bbox 368 1341 458 1402; x_wconf 90' lang='lat' dir='ltr'>color</span> <span class='ocrx_word' id='word_1_89' title='bbox 475 1340 550 1402; x_wconf 87' lang='lat' dir='ltr'>nivis</span> <span class='ocrx_word' id='word_1_90' title='bbox 566 1339 629 1404; x_wconf 88' lang='lat' dir='ltr'>sine</span> <span class='ocrx_word' id='word_1_91' title='bbox 646 1341 736 1422; x_wconf 83' lang='lat' dir='ltr'>nive,</span> <span class='ocrx_word' id='word_1_92' title='bbox 755 1343 904 1408; x_wconf 71' lang='lat' dir='ltr'>abstrac.</span> <span class='ocrx_word' id='word_1_93' title='bbox 996 1365 999 1372; x_wconf 89' lang='lat'>·</span> 
     </span>
    </p>
   </div>
   <div class='ocr_carea' id='block_1_3' title="bbox 43 1427 992 3019">
    <p class='ocr_par' dir='ltr' id='par_1_4' title="bbox 47 1427 988 2484">
     <span class='ocr_line' id='line_1_15' title="bbox 52 1427 904 1498; baseline 0.001 -2"><span class='ocrx_word' id='word_1_94' title='bbox 52 1449 85 1496; x_wconf 88' lang='lat' dir='ltr'>ta</span> <span class='ocrx_word' id='word_1_95' title='bbox 121 1449 172 1496; x_wconf 89' lang='lat' dir='ltr'>est</span> <span class='ocrx_word' id='word_1_96' title='bbox 202 1431 306 1494; x_wconf 88' lang='lat' dir='ltr'>notio.</span> <span class='ocrx_word' id='word_1_97' title='bbox 337 1427 398 1492; x_wconf 79' lang='lat' dir='ltr'>sed</span> <span class='ocrx_word' id='word_1_98' title='bbox 426 1427 450 1492; x_wconf 87' lang='lat' dir='ltr'>si</span> <span class='ocrx_word' id='word_1_99' title='bbox 479 1427 656 1492; x_wconf 89' lang='lat' dir='ltr'>subiectum</span> <span class='ocrx_word' id='word_1_100' title='bbox 684 1431 904 1498; x_wconf 87' lang='lat' dir='ltr'>consideretur</span> 
     </span>
     <span class='ocr_line' id='line_1_16' title="bbox 52 1515 905 1594; baseline -0.004 -10"><span class='ocrx_word' id='word_1_101' title='bbox 52 1539 90 1584; x_wconf 91' lang='lat' dir='ltr'>ut</span> <span class='ocrx_word' id='word_1_102' title='bbox 112 1520 317 1594; x_wconf 90' lang='lat' dir='ltr'>coloratum,</span> <span class='ocrx_word' id='word_1_103' title='bbox 342 1517 441 1582; x_wconf 88' lang='lat' dir='ltr'>veluti</span> <span class='ocrx_word' id='word_1_104' title='bbox 463 1518 516 1580; x_wconf 83' lang='lat' dir='ltr'>nit</span> <span class='ocrx_word' id='word_1_105' title='bbox 542 1515 632 1594; x_wconf 89' lang='lat' dir='ltr'>alba,</span> <span class='ocrx_word' id='word_1_106' title='bbox 660 1517 752 1580; x_wconf 90' lang='lat' dir='ltr'>notio</span> <span class='ocrx_word' id='word_1_107' title='bbox 768 1538 905 1582; x_wconf 86' lang='lat' dir='ltr'>concre-</span> 
     </span>
     <span class='ocr_line' id='line_1_17' title="bbox 54 1605 906 1672; baseline -0.006 -1"><span class='ocrx_word' id='word_1_108' title='bbox 54 1626 90 1672; x_wconf 85' lang='lat' dir='ltr'>ta</span> <span class='ocrx_word' id='word_1_109' title='bbox 115 1623 178 1670; x_wconf 88' lang='lat' dir='ltr'>est.</span> <span class='ocrx_word' id='word_1_110' title='bbox 205 1607 293 1669; x_wconf 90' lang='lat' dir='ltr'>Hinc</span> <span class='ocrx_word' id='word_1_111' title='bbox 318 1626 421 1668; x_wconf 84' lang='lat' dir='ltr'>rursus</span> <span class='ocrx_word' id='word_1_112' title='bbox 448 1605 826 1670; x_wconf 77' lang='lat' dir='ltr'>terminus-abstractus</span> <span class='ocrx_word' id='word_1_113' title='bbox 851 1605 906 1669; x_wconf 91' lang='lat' dir='ltr'>di-</span> 
     </span>
     <span class='ocr_line' id='line_1_18' title="bbox 57 1691 906 1785; baseline 0.005 -29"><span class='ocrx_word' id='word_1_114' title='bbox 57 1695 169 1770; x_wconf 90' lang='lat' dir='ltr'>citur,</span> <span class='ocrx_word' id='word_1_115' title='bbox 193 1694 249 1777; x_wconf 88' lang='lat' dir='ltr'>qui</span> <span class='ocrx_word' id='word_1_116' title='bbox 275 1696 434 1759; x_wconf 90' lang='lat' dir='ltr'>notionem</span> <span class='ocrx_word' id='word_1_117' title='bbox 457 1691 649 1758; x_wconf 79' lang='lat' dir='ltr'>abstractam</span> <span class='ocrx_word' id='word_1_118' title='bbox 674 1693 849 1785; x_wconf 86' lang='lat' dir='ltr'>significat,</span> <span class='ocrx_word' id='word_1_119' title='bbox 868 1711 906 1760; x_wconf 91' lang='lat' dir='ltr'>ut</span> 
     </span>
     <span class='ocr_line' id='line_1_19' title="bbox 59 1779 904 1861; baseline 0.004 -17"><span class='ocrx_word' id='word_1_120' title='bbox 59 1780 226 1845; x_wconf 86' lang='lat' dir='ltr'>albitudo.</span> <span class='ocrx_word' id='word_1_121' title='bbox 251 1779 412 1846; x_wconf 82' lang='lat' dir='ltr'>Terminus</span> <span class='ocrx_word' id='word_1_122' title='bbox 435 1799 540 1847; x_wconf 85' lang='lat' dir='ltr'>autern</span> <span class='ocrx_word' id='word_1_123' title='bbox 563 1799 750 1861; x_wconf 82' lang='lat' dir='ltr'>concretus,</span> <span class='ocrx_word' id='word_1_124' title='bbox 768 1781 820 1846; x_wconf 91' lang='lat' dir='ltr'>cui</span> <span class='ocrx_word' id='word_1_125' title='bbox 838 1803 904 1847; x_wconf 88' lang='lat' dir='ltr'>no-</span> 
     </span>
     <span class='ocr_line' id='line_1_20' title="bbox 59 1869 901 1950; baseline 0.005 -17"><span class='ocrx_word' id='word_1_126' title='bbox 59 1869 108 1933; x_wconf 87' lang='lat' dir='ltr'>tio</span> <span class='ocrx_word' id='word_1_127' title='bbox 130 1888 283 1941; x_wconf 86' lang='lat' dir='ltr'>concreta</span> <span class='ocrx_word' id='word_1_128' title='bbox 304 1871 441 1936; x_wconf 85' lang='lat' dir='ltr'>subiecta</span> <span class='ocrx_word' id='word_1_129' title='bbox 467 1889 534 1950; x_wconf 88' lang='lat' dir='ltr'>est,</span> <span class='ocrx_word' id='word_1_130' title='bbox 549 1879 594 1935; x_wconf 83' lang='lat' dir='ltr'>&#39;ut</span> <span class='ocrx_word' id='word_1_131' title='bbox 615 1869 733 1936; x_wconf 86' lang='lat' dir='ltr'>album.</span> <span class='ocrx_word' id='word_1_132' title='bbox 756 1869 795 1936; x_wconf 93' lang='lat' dir='ltr'>In</span> <span class='ocrx_word' id='word_1_133' title='bbox 822 1873 901 1938; x_wconf 78' lang='lat' dir='ltr'>alts-</span> 
     </span>
     <span class='ocr_line' id='line_1_21' title="bbox 55 1959 900 2044; baseline 0.006 -22"><span class='ocrx_word' id='word_1_134' title='bbox 55 1976 165 2024; x_wconf 87' lang='lat' dir='ltr'>tracto</span> <span class='ocrx_word' id='word_1_135' title='bbox 189 1959 429 2024; x_wconf 84' lang='lat' dir='ltr'>consideramus</span> <span class='ocrx_word' id='word_1_136' title='bbox 449 1967 556 2032; x_wconf 83' lang='lat' dir='ltr'>&#39;rerum</span> <span class='ocrx_word' id='word_1_137' title='bbox 583 1959 712 2040; x_wconf 87' lang='lat' dir='ltr'>modos,</span> <span class='ocrx_word' id='word_1_138' title='bbox 732 1961 900 2044; x_wconf 87' lang='lat' dir='ltr'>attributa,</span> 
     </span>
     <span class='ocr_line' id='line_1_22' title="bbox 51 2048 903 2126; baseline 0.002 -13"><span class='ocrx_word' id='word_1_139' title='bbox 51 2048 249 2126; x_wconf 85' lang='lat' dir='ltr'>relationes,</span> <span class='ocrx_word' id='word_1_140' title='bbox 271 2049 324 2113; x_wconf 87' lang='lat' dir='ltr'>ubi</span> <span class='ocrx_word' id='word_1_141' title='bbox 346 2048 424 2114; x_wconf 88' lang='lat' dir='ltr'>haec</span> <span class='ocrx_word' id='word_1_142' title='bbox 450 2049 555 2112; x_wconf 90' lang='lat' dir='ltr'>omnia</span> <span class='ocrx_word' id='word_1_143' title='bbox 578 2049 821 2113; x_wconf 84' lang='lat' dir='ltr'>substantiarum</span> <span class='ocrx_word' id='word_1_144' title='bbox 836 2049 903 2114; x_wconf 82' lang='lat' dir='ltr'>ins-</span> 
     </span>
     <span class='ocr_line' id='line_1_23' title="bbox 50 2134 902 2224; baseline 0.002 -23"><span class='ocrx_word' id='word_1_145' title='bbox 50 2153 102 2201; x_wconf 83' lang='lat' dir='ltr'>tar</span> <span class='ocrx_word' id='word_1_146' title='bbox 127 2138 342 2224; x_wconf 74' lang='lat' dir='ltr'>concipimus.</span> <span class='ocrx_word' id='word_1_147' title='bbox 368 2134 473 2205; x_wconf 80' lang='lat' dir='ltr'>Vnde</span> <span class='ocrx_word' id='word_1_148' title='bbox 489 2138 647 2202; x_wconf 87' lang='lat' dir='ltr'>abstracta</span> <span class='ocrx_word' id='word_1_149' title='bbox 677 2135 779 2201; x_wconf 82' lang='lat' dir='ltr'>efferri</span> <span class='ocrx_word' id='word_1_150' title='bbox 796 2138 902 2204; x_wconf 85' lang='lat' dir='ltr'>solent</span> 
     </span>
     <span class='ocr_line' id='line_1_24' title="bbox 47 2222 900 2310; baseline 0.001 -20"><span class='ocrx_word' id='word_1_151' title='bbox 47 2227 243 2292; x_wconf 76' lang='lat' dir='ltr'>nominibus</span> <span class='ocrx_word' id='word_1_152' title='bbox 268 2224 493 2304; x_wconf 82' lang='lat' dir='ltr'>substantivis,</span> <span class='ocrx_word' id='word_1_153' title='bbox 522 2243 556 2290; x_wconf 93' lang='lat' dir='ltr'>ut</span> <span class='ocrx_word' id='word_1_154' title='bbox 587 2222 716 2310; x_wconf 82' lang='lat' dir='ltr'>fulgor,</span> <span class='ocrx_word' id='word_1_155' title='bbox 740 2222 900 2306; x_wconf 86' lang='lat' dir='ltr'>albitudo,</span> 
     </span>
     <span class='ocr_line' id='line_1_25' title="bbox 47 2311 988 2394; baseline -0.003 -12"><span class='ocrx_word' id='word_1_156' title='bbox 47 2317 224 2393; x_wconf 64' lang='lat' dir='ltr'>doctrina}</span> <span class='ocrx_word' id='word_1_157' title='bbox 257 2331 406 2379; x_wconf 87' lang='lat' dir='ltr'>concreta</span> <span class='ocrx_word' id='word_1_158' title='bbox 428 2335 505 2378; x_wconf 91' lang='lat' dir='ltr'>vero</span> <span class='ocrx_word' id='word_1_159' title='bbox 531 2311 691 2379; x_wconf 89' lang='lat' dir='ltr'>adiectivis</span> <span class='ocrx_word' id='word_1_160' title='bbox 706 2357 716 2394; x_wconf 93' lang='lat'>,</span> <span class='ocrx_word' id='word_1_161' title='bbox 733 2311 831 2377; x_wconf 87' lang='lat' dir='ltr'>veluti</span> <span class='ocrx_word' id='word_1_162' title='bbox 849 2313 903 2380; x_wconf 82' lang='lat' dir='ltr'>lu·</span> <span class='ocrx_word' id='word_1_163' title='bbox 982 2383 988 2386; x_wconf 66' lang='grc'>,</span> 
     </span>
     <span class='ocr_line' id='line_1_26' title="bbox 47 2401 468 2484; baseline -0.014 -14"><span class='ocrx_word' id='word_1_164' title='bbox 47 2407 163 2484; x_wconf 86' lang='lat' dir='ltr'>cidus,</span> <span class='ocrx_word' id='word_1_165' title='bbox 189 2403 312 2482; x_wconf 87' lang='lat' dir='ltr'>albus,</span> <span class='ocrx_word' id='word_1_166' title='bbox 340 2401 468 2468; x_wconf 92' lang='lat' dir='ltr'>doctus.</span> 
     </span>
    </p>

    <p class='ocr_par' dir='ltr' id='par_1_5' title="bbox 43 2485 992 3019">
     <span class='ocr_line' id='line_1_27' title="bbox 92 2485 905 2563; baseline -0.006 -5"><span class='ocrx_word' id='word_1_167' title='bbox 92 2493 168 2563; x_wconf 89' lang='lat' dir='ltr'>lV.</span> <span class='ocrx_word' id='word_1_168' title='bbox 216 2493 385 2558; x_wconf 87' lang='lat' dir='ltr'>Notiones</span> <span class='ocrx_word' id='word_1_169' title='bbox 414 2505 540 2555; x_wconf 86' lang='lat' dir='ltr'>nostrae</span> <span class='ocrx_word' id='word_1_170' title='bbox 569 2490 619 2556; x_wconf 85' lang='lat' dir='ltr'>rel</span> <span class='ocrx_word' id='word_1_171' title='bbox 646 2486 814 2556; x_wconf 87' lang='lat' dir='ltr'>continent</span> <span class='ocrx_word' id='word_1_172' title='bbox 841 2485 905 2554; x_wconf 88' lang='lat' dir='ltr'>ali·</span> 
     </span>
     <span class='ocr_line' id='line_1_28' title="bbox 46 2577 992 2672; baseline -0.001 -26"><span class='ocrx_word' id='word_1_173' title='bbox 46 2602 116 2672; x_wconf 86' lang='lat' dir='ltr'>qua</span> <span class='ocrx_word' id='word_1_174' title='bbox 148 2581 247 2648; x_wconf 87' lang='lat' dir='ltr'>rebus</span> <span class='ocrx_word' id='word_1_175' title='bbox 278 2581 420 2667; x_wconf 84' lang='lat' dir='ltr'>plurimis</span> <span class='ocrx_word' id='word_1_176' title='bbox 446 2580 645 2657; x_wconf 89' lang='lat' dir='ltr'>communia,</span> <span class='ocrx_word' id='word_1_177' title='bbox 668 2577 721 2646; x_wconf 87' lang='lat' dir='ltr'>vel</span> <span class='ocrx_word' id='word_1_178' title='bbox 751 2579 793 2644; x_wconf 88' lang='lat' dir='ltr'>ad</span> <span class='ocrx_word' id='word_1_179' title='bbox 834 2599 900 2645; x_wconf 80' lang='lat' dir='ltr'>rent</span> <span class='ocrx_word' id='word_1_180' title='bbox 990 2623 992 2626; x_wconf 94' lang='lat'>-</span> 
     </span>
     <span class='ocr_line' id='line_1_29' title="bbox 43 2664 904 2757; baseline -0.001 -22"><span class='ocrx_word' id='word_1_181' title='bbox 43 2692 147 2736; x_wconf 88' lang='lat' dir='ltr'>unam</span> <span class='ocrx_word' id='word_1_182' title='bbox 174 2670 369 2757; x_wconf 82' lang='lat' dir='ltr'>singularem</span> <span class='ocrx_word' id='word_1_183' title='bbox 392 2669 555 2734; x_wconf 82' lang='lat' dir='ltr'>dumtaxat</span> <span class='ocrx_word' id='word_1_184' title='bbox 581 2668 800 2733; x_wconf 87' lang='lat' dir='ltr'>determinata.</span> <span class='ocrx_word' id='word_1_185' title='bbox 817 2664 904 2734; x_wconf 90' lang='lat' dir='ltr'>Ideo</span> 
     </span>
     <span class='ocr_line' id='line_1_30' title="bbox 45 2756 903 2824; baseline -0.005 0"><span class='ocrx_word' id='word_1_186' title='bbox 45 2761 145 2824; x_wconf 84' lang='lat' dir='ltr'>notio</span> <span class='ocrx_word' id='word_1_187' title='bbox 172 2759 336 2824; x_wconf 89' lang='lat' dir='ltr'>dividitur</span> <span class='ocrx_word' id='word_1_188' title='bbox 364 2756 396 2818; x_wconf 89' lang='lat' dir='ltr'>itt</span> <span class='ocrx_word' id='word_1_189' title='bbox 424 2778 616 2822; x_wconf 82' lang='lat' dir='ltr'>communem</span> <span class='ocrx_word' id='word_1_190' title='bbox 646 2777 699 2822; x_wconf 88' lang='lat' dir='ltr'>seu</span> <span class='ocrx_word' id='word_1_191' title='bbox 727 2759 903 2822; x_wconf 77' lang='lat' dir='ltr'>uttiversa-</span> 
     </span>
     <span class='ocr_line' id='line_1_31' title="bbox 46 2841 905 2934; baseline -0.009 -22"><span class='ocrx_word' id='word_1_192' title='bbox 46 2847 136 2930; x_wconf 82' lang='lat' dir='ltr'>lem&#39;,</span> <span class='ocrx_word' id='word_1_193' title='bbox 168 2865 202 2914; x_wconf 89' lang='lat' dir='ltr'>et</span> <span class='ocrx_word' id='word_1_194' title='bbox 236 2841 454 2934; x_wconf 73' lang='lat' dir='ltr'>singularem.</span> <span class='ocrx_word' id='word_1_195' title='bbox 485 2843 524 2910; x_wconf 91' lang='lat' dir='ltr'>In</span> <span class='ocrx_word' id='word_1_196' title='bbox 553 2845 658 2933; x_wconf 83' lang='lat' dir='ltr'>ptimo</span> <span class='ocrx_word' id='word_1_197' title='bbox 684 2844 802 2909; x_wconf 85' lang='lat' dir='ltr'>scilicet</span> <span class='ocrx_word' id='word_1_198' title='bbox 829 2863 905 2906; x_wconf 88' lang='lat' dir='ltr'>casu</span> 
     </span>
     <span class='ocr_line' id='line_1_32' title="bbox 46 2929 905 3019; baseline -0.01 -18"><span class='ocrx_word' id='word_1_199' title='bbox 46 2931 120 3005; x_wconf 79' lang='lat' dir='ltr'>idea¹</span> <span class='ocrx_word' id='word_1_200' title='bbox 139 2933 332 3004; x_wconf 84' lang='lat' dir='ltr'>communis</span> <span class='ocrx_word' id='word_1_201' title='bbox 355 2951 419 3016; x_wconf 88' lang='lat' dir='ltr'>est,</span> <span class='ocrx_word' id='word_1_202' title='bbox 440 2935 474 2998; x_wconf 90' lang='lat' dir='ltr'>in</span> <span class='ocrx_word' id='word_1_203' title='bbox 497 2934 598 3000; x_wconf 87' lang='lat' dir='ltr'>altero</span> <span class='ocrx_word' id='word_1_204' title='bbox 615 2929 796 3019; x_wconf 81' lang='lat' dir='ltr'>singularis.</span> <span class='ocrx_word' id='word_1_205' title='bbox 810 2931 905 3008; x_wconf 90' lang='lat' dir='ltr'>Qua·</span> 
     </span>
    </p>
   </div>
   <div class='ocr_carea' id='block_1_4' title="bbox 0 0 1152 3428">
    <p class='ocr_par' dir='ltr' id='par_1_6' title="bbox 0 0 1152 3428">
     <span class='ocr_line' id='line_1_33' title="bbox 0 0 1152 3428; baseline 0 0"><span class='ocrx_word' id='word_1_206' title='bbox 0 0 1152 3428; x_wconf 95' lang='lat' dir='ltr'> </span> 
     </span>
    </p>
   </div>
  </div>
 </body>
</html>
