2298 3418
206 125 255 200 ,u
320 205 325 212 Ι
399 131 637 188 struntrv'r:
659 131 793 188 nnttos.
876 125 923 200 ᾗ
1014 193 1018 200 ,

207 205 289 290 entis
302 205 509 288 eontinetur3
532 231 595 294 ,ens
617 211 702 278 istud
716 212 792 278 ideo
805 207 940 290 existit,
963 211 1060 300 quial

206 293 290 362 banc
315 297 419 366 habet*
436 299 625 377 essentiam,
655 321 693 365 ao
713 299 856 390 proinde
880 300 1050 368 existentia

205 405 255 450 est
283 384 422 454 eiusdem
445 389 524 456 entis
549 389 738 454 attributum
763 388 958 467 essentiales
988 388 1050 456 sed

205 472 360 541 attributa
375 493 449 542 sunt
464 477 611 545 absolute
626 480 821 555 necessaria,
840 494 875 542 ut
892 499 932 542 ex
949 483 1063 575 prae-'

205 560 395 631 cedentibus
423 567 606 656 colligitur,
633 583 664 632 et
693 567 806 633 deinde
833 563 915 630 infra
945 568 1047 632 insius

205 653 438 732 ostendemus;
463 677 542 745 ergo
562 655 728 722 existentia
750 671 796 720 est
818 653 975 722 absolute'
989 677 1047 722 ne·
1134 723 1136 748 4

206 744 350 808 cessaria.
379 743 466 809 Hine
480 765 535 812 ens
553 748 758 810 necessarium
771 761 836 821 est,
851 742 943 808 cuius
961 746 1046 809 exis-

205 830 303 896 tentia
331 829 479 899 absolute
507 835 680 900 necessaria
706 849 776 912 est,
800 853 855 897 seu
903 830 972 896 uod
995 854 1044 897 ra·

205 915 325 985 tionem
349 921 630 990 existentiae·suae
658 915 867 987 sufficientem
916 919 989 986 abet
1011 921 1042 986 in

198 1011 339 1096 'essentia
361 1015 445 1086 suat
475 1028 508 1076 et
533 1031 590 1076 ens
609 1011 809 1096 ¹contingens
838 1024 919 1087 est,
954 1007 1043 1096 quod

204 1098 359 1164 rationem
376 1095 584 1165 sufficientem
600 1097 785 1165 existentiae
802 1118 875 1163 suae
887 1098 917 1160 in
933 1117 1046 1162 essen·

205 1185 250 1250 tia
277 1187 333 1252 sua
359 1209 422 1252 non
451 1185 557 1254 habet.
585 1186 689 1256 Vnde
718 1203 835 1274 patet,
863 1207 961 1252 omne
990 1182 1047 1253 ens

206 1292 273 1343 esse
294 1273 346 1339 vel
368 1278 602 1354 necessarium,
632 1276 683 1343 rel
696 1276 898 1362 contingens.

242 1359 355 1429 ·v111.
406 1365 581 1452 Disputare
594 1364 696 1430 solent
712 1361 918 1452 philosophi,
937 1379 1047 1430 utrum

205 1450 288 1517 entis
309 1471 424 1518 nornen
439 1455 478 1518 sit
500 1457 688 1531 univocum,
716 1473 773 1518 seu
788 1451 820 1515 in
841 1452 955 1517 eodem
971 1471 1048 1518 sen-

205 1540 361 1607 susumnti
369 1540 484 1608 debeat
494 1557 637 1630 respectu
651 1540 731 1608 entis
744 1541 910 1606 necessarii
922 1558 954 1606 et
965 1561 1048 1605 con·
1135 1591 1136 1632 ;

204 1629 381 1718 lingentis,
411 1647 556 1718 respectu
584 1628 781 1696 substantiae
808 1647 844 1712 et
870 1630 981 1706 modi,
1014 1635 1055 1695 et'
1109 1631 1136 1664 '¹

204 1721 336 1784 tandem
364 1737 509 1806 respectu
545 1719 673 1805 spiritus
706 1733 747 1784 et
768 1717 927 1805 corporis.
961 1716 1054 1786 Tota.

205 1808 351 1892 quaestio
373 1806 450 1885 illa,
481 1827 564 1895 quae
589 1806 621 1870 in
644 1825 707 1873 tres
730 1805 837 1894 p-srtei
861 1803 976 1870 frustra
1000 1807 1051 1872 di·

205 1893 344 1972 viditur,
373 1914 436 1958 una
451 1895 625 1984 eademque
641 1895 850 1982 responsione
863 1890 958 1960 facile
969 1895 1050 1976 sol·
1134 1903 1135 1910 ’

208 1983 241 2046 ri
257 2000 374 2071 potest.
399 1981 526 2048 Etenim
550 1983 577 2048 si
596 1983 818 2050 consideretur
837 2005 891 2048 ens
908 2003 1048 2072 genera·

205 2069 264 2135 tim
287 2088 446 2157 tamquam
470 2075 568 2159 genus
589 2093 798 2160 supremum,
828 2071 1047 2138 abstractione

207 2156 292 2224 facta
305 2181 324 2225 a
338 2157 518 2226 differentiis
533 2158 792 2249 quibuscumque
808 2181 819 2236 ς
846 2177 970 2225 certum
981 2180 1046 2240 est,

208 2250 290 2314 entis
310 2269 425 2315 nomen
447 2251 555 2316 saltern
581 2270 637 2339 per
654 2247 902 2314 abstractionem
924 2248 1048 2314 uniro-
1133 2235 1134 2274 ss

205 2357 280 2401 cum
321 2337 387 2406 lieri
426 2357 572 2425 respectu
601 2336 720 2404 entium
754 2355 1046 2425 quorumcumque.

209 2426 341 2494 Verum
360 2426 433 2514 quia
450 2447 504 2492 ens
526 2447 584 2515 per
600 2440 737 2492 mentem
758 2425 923 2490 dumtaxat
940 2447 958 2489 a
982 2425 1046 2490 suis

211 2513 397 2580 differentiis
416 2515 549 2602 separati
566 2531 675 2601 potest
693 2535 704 2591 ς
734 2535 840 2578 revera
856 2531 889 2578 et
909 2513 974 2578 sine
998 2514 1051 2577 ul·¹

212 2602 242 2667 la
269 2603 380 2668 mentis
403 2603 590 2689 operatione
620 2603 699 2668 entis
732 2623 846 2667 nornen
873 2601 1047 2668 itt-eodem

281 3072 315 3098 N

208 2711 302 2755 sensu
331 2693 500 2756 convenire
531 2713 594 2756 non
622 2706 731 2779 potest
755 2688 880 2755 diversis
905 2690 1048 2769 entibus,
1131 2697 1132 2706 ’

209 2799 247 2844 ac
265 2777 397 2866 proinde
412 2799 474 2841 non
487 2799 534 2845 est
547 2778 731 2843 univocum.
746 2779 830 2842 Hinc
843 2794 930 2864 patet
938 2824 949 2855 ,
966 2799 1047 2842 con·

212 2865 397 2935 troversiam
410 2866 515 2948 illam,
541 2889 636 2957 quam
652 2866 740 2932 ainis
753 2865 842 2934 serio
850 2866 970 2955 agitant
985 2865 1048 2933 ali·
