2246 3412
97 167 101 172 .
250 162 254 173 ,
284 123 369 174 PAR
388 123 418 172 n
438 122 591 190 ΠΙΤᾼΡΗ.
615 123 697 172 Gne
717 121 770 170 Π.
920 121 986 192 255

87 193 191 260 vimus
213 195 269 264 sed
284 195 514 262 sublimioribus
541 215 670 284 quoque
687 191 872 282 mysteriis,
900 217 986 282 quae

85 282 267 351 intellectus
284 285 408 350 limitati
425 285 505 370 vires
523 285 616 373 longe
632 300 795 370 superant.
825 282 925 348 Porro
943 284 986 352 ad

87 372 318 462 mysteriorum
345 374 470 440 illorum
499 374 592 440 tidem
622 373 752 436 urnnino
773 374 984 446 *necessariam

88 482 158 528 esse
174 462 374 532 revelationis
391 464 631 540 auctoritatem,
646 482 738 526 nemo
758 460 895 548 negabit.

154 547 269 637 Itaque
286 566 375 640 patet
388 597 398 631 ,
416 551 615 622 revelationis
630 546 852 616 auctoritatem
865 547 923 635 ipsi
938 548 987 618 lt·

86 637 118 726 gl
136 641 271 706 naturali
287 639 351 706 vim
367 639 501 718 addere,
516 660 642 706 omnem
660 637 886 722 obscuritatem
903 638 987 708 diri·-

1 741 2 744 ’
87 747 197 808 mete,
214 745 312 815 atque
326 731 484 820 mysteriis
497 747 595 796 totam
608 726 701 794 fidem
711 773 721 805 ,
733 748 867 814 eamque
882 725 988 802 omni?

86 835 133 885 nu
148 815 356 884 indubitatam
369 816 484 899 facete.
497 817 617 906 Neque
633 835 700 892 est,
713 815 803 902 quod
815 814 984 886 obiiciatur

87 919 201 984 tanta,
220 906 348 993 quaein
363 909 424 972 suis
440 905 599 976 erroribus
614 903 803 980 confidunt,
827 908 988 972 sectarum

1 1001 3 1076 f
66 1047 70 1055 ,
87 991 232 1060 varietas.
250 994 350 1072 Quod
365 995 447 1062 enim
462 996 654 1060 musivorum
666 993 822 1060 evidentia
837 1015 899 1056 non
913 995 982 1060 vin·

1 1087 2 1104 ¹
86 1097 180 1154 catur
194 1099 243 1148 tot
255 1081 417 1150 hominum
434 1082 626 1171 pertinatia,
641 1081 673 1148 id
689 1082 742 1160 fit,
755 1080 843 1168 quod
857 1081 897 1146 ad
910 1104 984 1146 nro-

1 1250 3 1262 !
87 1169 157 1235 tiva
182 1193 246 1238 uon
271 1173 346 1239 satis
367 1173 579 1249 adverterint,
608 1186 705 1258 atque
729 1167 986 1250 difficultatibus,

1 1271 3 1284 ’
87 1279 168 1346 quas
180 1259 330 1326 altissima
347 1262 500 1350 religionis
524 1263 675 1349 mysteria
695 1259 859 1344 continent
872 1261 984 1348 oppri-

1 1340 3 1372 ἵ
86 1364 216 1415 mansur
229 1347 364 1436 superba
378 1351 503 1416 illorum
519 1349 654 1439 ingenia.
682 1347 846 1413 Praeterea
868 1346 986 1436 iniquis

88 1434 287 1521 praeiudiciis
303 1455 335 1506 et
348 1436 533 1504 inordinatis
548 1433 725 1504 adfectibus
742 1437 911 1520 impeditur
927 1437 988 1501 iu·'

87 1522 161 1588 dicii
176 1527 336 1614 aequitas,
365 1545 546 1612 tantamque
564 1525 660 1593 menri
684 1525 849 1614 caliginem
870 1524 983 1590 offun-

1 1608 3 1628 '
87 1612 171 1680 dunt
187 1617 317 1681 crimina
327 1659 337 1693 ,
349 1635 385 1680 ut
399 1613 657 1704 fulgentissimam
671 1616 863 1678 musivorum
878 1613 982 1682 lucem

1 1707 2 1714 ’
86 1718 167 1772 actu
183 1724 247 1771 non
265 1704 439 1794 percipiant
456 1705 601 1790 flagitiosi
615 1702 766 1768 homines.
779 1701 909 1780 Quanta
923 1725 983 1770 au·
1057 1723 1059 1730 ¹

88 1807 152 1856 tem
164 1793 200 1859 sit
214 1794 408 1866 moritorum
420 1793 635 1860 credibilitatls
646 1790 817 1870 evidentia,
833 1807 980 1880 repeten-

88 1881 165 1945 dum
181 1899 227 1947 est
242 1901 281 1946 ex
294 1896 362 1977 art.
383 1903 415 1972 5.
438 1898 531 1968 part.
552 1903 585 1970 5.
608 1877 671 1968 Ing.
690 1903 763 1968 cap.
793 1901 822 1944 2.
845 1882 982 1954 Certum

87 1985 194 2036 autern
208 1987 277 2049 est,
303 1969 396 2037 fidem
414 1970 553 2036 divinam
569 1969 718 2036 maiorem
731 1966 847 2035 habere
865 1989 982 2036 aucto·
1063 1980 1066 1996 l

86 2057 230 2135 ritatem,
254 2079 346 2146 quarn
363 2061 517 2126 tationem
536 2060 635 2146 ipsam
647 2057 665 2135 3⁴
678 2059 876 2148 idquedictat
889 2059 981 2145 ipsa·-¹

86 2164 152 2216 mer
168 2149 268 2226 ratio,
283 2168 364 2233 quae
386 2149 493 2229 iubet,
509 2149 608 2214 minus
624 2165 713 2213 certo
735 2145 979 2237 praeferendum

48 2263 50 2270 ·
82 2254 175 2313 esse,
202 2235 292 2323 quod
315 2240 429 2304 certius
449 2256 505 2308 est.
535 2238 580 2303 At
596 2235 712 2301 certius
736 2255 781 2302 est
807 2235 862 2314 id,
888 2240 981 2322 quod

86 2322 177 2400 Deus
208 2324 303 2404 dicit,
328 2349 437 2403 verum
464 2347 566 2406 etse,
595 2345 691 2417 quam
720 2323 753 2390 id
785 2325 874 2410 quod
913 2347 980 2391 no«-

77 2409 136 2476 bis
158 2411 240 2478 ratio
263 2417 459 2502 persuadet3
485 2437 585 2504 quum
613 2415 709 2501 magis
739 2434 757 2478 a
780 2411 841 2479 Dei
864 2429 978 2488 natura

86 2497 275 2579 abhorreat,
303 2521 339 2566 ut
354 2503 463 2584 fallat,
480 2525 574 2590 quant
592 2506 751 2580 anostra,
768 2519 803 2566 ut
822 2500 977 2574 fallamur,

69 2593 71 2596 ’
86 2587 168 2662 Non
180 2609 284 2658 tamen
297 2595 345 2658 tes
358 2595 401 2658 ita
413 2609 460 2660 est
472 2591 692 2681 intelligenda,
707 2592 794 2679 quasi
805 2593 907 2668 tidesa
924 2616 978 2658 ra-

86 2677 176 2745 tione
186 2681 368 2748 ‘nullatenus
384 2681 532 2770 pendeat,
543 2681 627 2746 Nam
639 2697 673 2746 ut
685 2682 745 2744 iam
758 2700 850 2745 antea
863 2679 979 2748 obser-

86 2767 233 2840 vavimus
249 2789 321 2834 cum
337 2772 367 2836 S.
387 2773 566 2859 Augustino
580 2775 677 2858 epist.
706 2792 788 2836 tus:
808 2764 899 2852 fider
916 2772 980 2854 ηιξ

86 2859 208 2928 tionem
227 2865 484 2948 praesupponit,
511 2876 543 2926 et
571 2870 747 2948 numquam
772 2857 883 2946 induci
896 2879 987 2945 por-

66 2967 193 3016 *semut
206 2947 256 3016 ad
267 2970 306 3012 ea
315 2992 327 3025 ,
356 2970 442 3036 quae
456 2964 531 3014 runt
546 2971 650 3036 supra
666 2949 824 3013 rationem
839 2946 979 3027 creden&

85 3033 161 3117 da,
187 3038 261 3128 triti,
275 3039 350 3125 ipra
366 3039 454 3104 ratio
473 3039 563 3114 nobit
581 3037 829 3128 persuaderet,⁸
857 3041 982 3138 rapienti
