2258 3428
94 231 98 239 .
226 185 308 236 ms
334 187 388 235 rt.
415 185 583 236 toornrs.
606 173 681 237 ea'r.
705 185 758 235 tt.
838 171 912 260 ·'t5'3

70 267 162 318 'mam
184 258 413 346 propositionis
442 257 626 325 universalis
657 254 832 325 reducitur.
867 261 915 324 Si't

76 342 156 408 haec
177 348 276 413 altera
296 347 479 436 propositio
496 347 677 438 singularis:
689 349 741 414 lrr'c
757 349 847 436 lapis
863 361 914 412 err

78 431 223 514 calidus,
240 437 283 502 ad
298 435 380 500 hanc
395 437 618 524 particularem
635 455 822 503 revocatura
841 437 916 525 qui-

79 519 148 588 dam
161 521 279 613 lapis,
296 545 412 614 nempe
433 523 483 589 bic
506 545 674 615 praesens,
696 541 746 592 est
769 521 913 592 calidus.

73 606 158 677 Idem
189 611 390 704 intelligatur
416 613 457 681 de
484 615 549 680 aliis
577 611 772 704 quibuslibet
801 635 914 680 exem-

66 699 140 788 plis.
165 701 282 780 Quare
307 723 411 792 quum
434 702 684 770 demonstratum
707 705 765 782 sit,
787 718 916 768 omnem

65 791 415 876 propositionemesse
434 788 640 858 affirmantem
654 791 705 858 vel
735 810 914 880 negantem,

64 879 201 944 euidens
232 896 300 958 est,
332 901 459 946 omnem
489 881 741 970 propositionem
771 899 838 946 esse
863 880 917 946 vel

62 968 289 1036 universaliter
325 965 555 1047 affirmantem,
606 967 658 1035 vel
699 967 915 1035 universaliter

64 1073 265 1144 negantem,
289 1056 342 1126 vel
369 1057 597 1144 particulariter
619 1055 828 1125 affirmantem
861 1056 914 1124 vel

66 1144 302 1231 particulariter
328 1163 508 1238 negantem.
534 1149 685 1214 Attamen
711 1146 915 1236 praetermit-

68 1234 191 1300 tendae
214 1255 279 1300 non
307 1255 382 1301 sunt
410 1235 489 1303 aliae
514 1233 779 1328 propositiones,
797 1232 913 1324 quibus

64 1323 194 1388 nullum
232 1327 391 1414 quantitas
418 1324 555 1416 *signum
593 1325 798 1416 praeligitur,
833 1345 912 1412 quas

62 1410 142 1478 ideo
180 1413 417 1503 propositiones
454 1417 627 1482 indefinitas
666 1413 911 1502 appellavimus.

64 1499 199 1571 Verum
229 1505 372 1592 quamtis
394 1503 473 1571 tales
498 1503 732 1596 propositiones
758 1523 822 1568 non
848 1501 912 1568 sint
956 1579 960 1584 ,

67 1611 223 1675 expresae
251 1593 441 1659 universales
465 1611 520 1660 aut
548 1593 773 1683 particulares,
797 1589 837 1655 ad
860 1610 913 1656 eas

65 1679 178 1744 reduci
203 1675 298 1745 facile
315 1699 468 1770 possunt,
488 1683 586 1770 iisque
606 1681 822 1772 aequivalent.
835 1677 915 1746 Ete-

66 1766 129 1834 nim
156 1767 211 1834 vel
241 1770 468 1854 propositionis
506 1771 721 1860 praedicatum
753 1782 801 1835 est
833 1767 915 1832 sub·

66 1853 147 1921 iecto
162 1854 354 1923 'essentiales
377 1873 412 1924 ut
431 1858 518 1925 homo
542 1875 592 1926 est
607 1857 756 1940 animal,
773 1875 910 1944 tumque

63 1944 253 2032 propositio
281 1945 478 2034 aequivaleat
507 1949 700 2029 universali,
732 1965 763 2016 et
792 1945 912 2014 dicitur

64 2036 259 2100 necessaria
269 2054 285 2110 ;
309 2035 360 2100 vel
383 2035 600 2122 praedicatum
627 2053 675 2105 est
700 2035 819 2122 aliquid
837 2056 914 2100 mu·

65 2119 168 2187 tabile
194 2138 343 2209 respectu
366 2123 518 2190 subiecti:
543 2145 579 2190 ut
599 2124 687 2191 lronro
708 2139 758 2191 est
780 2123 912 2205 doctor,

65 2222 202 2295 tumque
225 2209 409 2300 propositio
428 2213 626 2300 particularis
650 2225 718 2292 est,
741 2227 774 2276 et
796 2211 912 2278 dicitur

63 2302 266 2388 contingens.
293 2300 477 2388 Aliquando
504 2317 610 2369 tamen
637 2298 816 2388 propositio
857 2300 913 2364 in-

65 2383 215 2465 delinita,
240 2387 299 2453 etsi
324 2390 532 2477 contingens,
561 2389 759 2478 aequivalere
792 2389 913 2474 poterit

68 2471 268 2554 universali,
302 2475 327 2541 si
362 2477 538 2542 communis
567 2495 727 2566 spectetur
755 2475 907 2566 loquendi

67 2559 195 2629 modus.
221 2561 273 2628 Ita
297 2566 533 2653 propositiones
558 2567 656 2634 istaes
681 2571 812 2634 iuvenes
834 2583 911 2634 runt

68 2650 307 2718 r'nconsranres:
337 2675 430 2719 senes
456 2669 533 2719 sunt
568 2653 721 2746 queruli,
759 2675 910 2724 accurate

67 2736 232 2824 loquendo
253 2758 328 2806 sunt
353 2741 567 2826 particulares.
584 2743 668 2823 Quia
690 2759 794 2808 tamen
814 2743 909 2832 signi·

68 2825 181 2904 licant,
205 2849 269 2894 rem
285 2845 322 2893 ut
338 2828 509 2916 plurimum
530 2831 573 2896 ita
589 2853 623 2897 se
637 2829 774 2909 habete,
791 2830 908 2896 dicun-

69 2927 124 2980 tur
151 2915 249 3006 vulgo
276 2915 450 2988 moraliter
483 2919 693 3006 universales,
716 2939 814 3010 quum
841 2930 934 3008 pto·

1019 1005 1040 1070 Ι
