<?xml version="1.0" encoding="UTF-8"?>
<!DOCTYPE html PUBLIC "-//W3C//DTD XHTML 1.0 Transitional//EN"
    "http://www.w3.org/TR/xhtml1/DTD/xhtml1-transitional.dtd">
<html xmlns="http://www.w3.org/1999/xhtml" xml:lang="en" lang="en">
 <head>
  <title>
</title>
<meta http-equiv="Content-Type" content="text/html;charset=utf-8" />
  <meta name='ocr-system' content='tesseract 3.04.00' />
  <meta name='ocr-capabilities' content='ocr_page ocr_carea ocr_par ocr_line ocrx_word'/>
</head>
<body>
  <div class='ocr_page' id='page_1' title='image "./institutionesph00jacqgoog_0577.png"; bbox 0 0 2270 3416; ppageno 0'>
   <div class='ocr_carea' id='block_1_1' title="bbox 157 101 775 170">
    <p class='ocr_par' dir='ltr' id='par_1_1' title="bbox 157 101 775 170">
     <span class='ocr_line' id='line_1_1' title="bbox 157 101 775 170; baseline 0 -20"><span class='ocrx_word' id='word_1_1' title='bbox 157 101 221 170; x_wconf 79' lang='lat'>170</span> <span class='ocrx_word' id='word_1_2' title='bbox 427 103 616 154; x_wconf 71' lang='lat' dir='ltr'>ntsmvu.</span> <span class='ocrx_word' id='word_1_3' title='bbox 639 103 775 152; x_wconf 72' lang='lat' dir='ltr'>mltos.</span> 
     </span>
    </p>
   </div>
   <div class='ocr_carea' id='block_1_2' title="bbox 152 171 1124 262">
    <p class='ocr_par' dir='ltr' id='par_1_2' title="bbox 152 171 1124 262">
     <span class='ocr_line' id='line_1_2' title="bbox 152 171 1124 262; baseline 0.002 -24"><span class='ocrx_word' id='word_1_4' title='bbox 152 171 268 250; x_wconf 75' lang='lat' dir='ltr'>cubile,</span> <span class='ocrx_word' id='word_1_5' title='bbox 293 195 330 240; x_wconf 88' lang='lat' dir='ltr'>ac</span> <span class='ocrx_word' id='word_1_6' title='bbox 351 175 483 262; x_wconf 76' lang='lat' dir='ltr'>proinde</span> <span class='ocrx_word' id='word_1_7' title='bbox 499 174 706 242; x_wconf 87' lang='lat' dir='ltr'>necessarium</span> <span class='ocrx_word' id='word_1_8' title='bbox 724 174 904 240; x_wconf 81' lang='lat' dir='ltr'><strong>necessitate</strong></span> <span class='ocrx_word' id='word_1_9' title='bbox 926 189 1064 240; x_wconf 87' lang='lat' dir='ltr'>tantum</span> <span class='ocrx_word' id='word_1_10' title='bbox 1123 187 1124 192; x_wconf 77' lang='grc'>’</span> 
     </span>
    </p>
   </div>
   <div class='ocr_carea' id='block_1_3' title="bbox 151 261 1066 618">
    <p class='ocr_par' dir='ltr' id='par_1_3' title="bbox 151 261 1066 618">
     <span class='ocr_line' id='line_1_3' title="bbox 152 261 1066 352; baseline 0.002 -25"><span class='ocrx_word' id='word_1_11' title='bbox 152 261 363 352; x_wconf 80' lang='lat' dir='ltr'>hypothetica</span> <span class='ocrx_word' id='word_1_12' title='bbox 384 283 415 333; x_wconf 89' lang='lat' dir='ltr'>et</span> <span class='ocrx_word' id='word_1_13' title='bbox 435 263 664 352; x_wconf 81' lang='lat' dir='ltr'>consequenti,</span> <span class='ocrx_word' id='word_1_14' title='bbox 686 285 769 352; x_wconf 88' lang='lat' dir='ltr'>quae</span> <span class='ocrx_word' id='word_1_15' title='bbox 789 261 968 328; x_wconf 88' lang='lat' dir='ltr'>libertatem</span> <span class='ocrx_word' id='word_1_16' title='bbox 992 287 1066 330; x_wconf 90' lang='lat' dir='ltr'>non</span> 
     </span>
     <span class='ocr_line' id='line_1_4' title="bbox 151 349 1064 440; baseline 0 -24"><span class='ocrx_word' id='word_1_17' title='bbox 151 351 247 420; x_wconf 90' lang='lat' dir='ltr'>tollit.</span> <span class='ocrx_word' id='word_1_18' title='bbox 273 349 386 436; x_wconf 89' lang='lat' dir='ltr'>ltaque</span> <span class='ocrx_word' id='word_1_19' title='bbox 405 353 518 430; x_wconf 82' lang='lat' dir='ltr'>Dens,</span> <span class='ocrx_word' id='word_1_20' title='bbox 538 352 592 440; x_wconf 92' lang='lat' dir='ltr'>qui</span> <span class='ocrx_word' id='word_1_21' title='bbox 615 373 673 440; x_wconf 91' lang='lat' dir='ltr'>per</span> <span class='ocrx_word' id='word_1_22' title='bbox 693 351 859 419; x_wconf 87' lang='lat' dir='ltr'>essentiam</span> <span class='ocrx_word' id='word_1_23' title='bbox 881 373 976 416; x_wconf 90' lang='lat' dir='ltr'>suam</span> <span class='ocrx_word' id='word_1_24' title='bbox 1003 352 1064 418; x_wconf 88' lang='lat' dir='ltr'>sibi</span> 
     </span>
     <span class='ocr_line' id='line_1_5' title="bbox 151 439 1063 529; baseline -0.001 -23"><span class='ocrx_word' id='word_1_25' title='bbox 151 439 298 506; x_wconf 90' lang='lat' dir='ltr'>conscius</span> <span class='ocrx_word' id='word_1_26' title='bbox 313 459 407 506; x_wconf 89' lang='lat' dir='ltr'>estet</span> <span class='ocrx_word' id='word_1_27' title='bbox 423 441 601 506; x_wconf 88' lang='lat' dir='ltr'>intellectus</span> <span class='ocrx_word' id='word_1_28' title='bbox 617 439 665 504; x_wconf 89' lang='lat' dir='ltr'>sui</span> <span class='ocrx_word' id='word_1_29' title='bbox 688 457 730 506; x_wconf 91' lang='lat' dir='ltr'>et·</span> <span class='ocrx_word' id='word_1_30' title='bbox 743 441 1006 529; x_wconf 79' lang='lat' dir='ltr'>omnipotentiae</span> <span class='ocrx_word' id='word_1_31' title='bbox 1029 459 1063 508; x_wconf 91' lang='lat' dir='ltr'>et</span> 
     </span>
     <span class='ocr_line' id='line_1_6' title="bbox 151 527 1061 618; baseline 0.004 -26"><span class='ocrx_word' id='word_1_32' title='bbox 151 527 326 592; x_wconf 84' lang='lat' dir='ltr'>voluntatis</span> <span class='ocrx_word' id='word_1_33' title='bbox 357 529 557 608; x_wconf 82' lang='lat' dir='ltr'>liberrimae,</span> <span class='ocrx_word' id='word_1_34' title='bbox 588 529 674 618; x_wconf 88' lang='lat' dir='ltr'>prius</span> <span class='ocrx_word' id='word_1_35' title='bbox 704 529 900 616; x_wconf 79' lang='lat' dir='ltr'>(prioritate</span> <span class='ocrx_word' id='word_1_36' title='bbox 931 529 1061 595; x_wconf 89' lang='lat' dir='ltr'>scilicet</span> 
     </span>
    </p>
   </div>
   <div class='ocr_carea' id='block_1_4' title="bbox 152 615 1124 721">
    <p class='ocr_par' dir='ltr' id='par_1_4' title="bbox 152 615 1124 721">
     <span class='ocr_line' id='line_1_7' title="bbox 152 615 1124 721; baseline -0.003 -37"><span class='ocrx_word' id='word_1_37' title='bbox 152 619 292 684; x_wconf 83' lang='lat' dir='ltr'>rationis</span> <span class='ocrx_word' id='word_1_38' title='bbox 319 638 382 681; x_wconf 93' lang='lat' dir='ltr'>non</span> <span class='ocrx_word' id='word_1_39' title='bbox 414 618 591 721; x_wconf 60' lang='lat' dir='ltr'>temporis)</span> <span class='ocrx_word' id='word_1_40' title='bbox 625 617 712 684; x_wconf 85' lang='lat' dir='ltr'>videt</span> <span class='ocrx_word' id='word_1_41' title='bbox 740 615 772 680; x_wconf 92' lang='lat' dir='ltr'>in</span> <span class='ocrx_word' id='word_1_42' title='bbox 802 617 972 684; x_wconf 87' lang='lat' dir='ltr'>intellectu</span> <span class='ocrx_word' id='word_1_43' title='bbox 1000 639 1061 683; x_wconf 82' lang='lat' dir='ltr'>suo</span> <span class='ocrx_word' id='word_1_44' title='bbox 1123 655 1124 662; x_wconf 24' lang='grc' dir='ltr'><strong>κ</strong></span> 
     </span>
    </p>
   </div>
   <div class='ocr_carea' id='block_1_5' title="bbox 73 703 1058 1316">
    <p class='ocr_par' dir='ltr' id='par_1_5' title="bbox 73 703 1058 878">
     <span class='ocr_line' id='line_1_8' title="bbox 152 703 1058 794; baseline 0.002 -26"><span class='ocrx_word' id='word_1_45' title='bbox 152 703 393 794; x_wconf 87' lang='lat' dir='ltr'>possibilitatem</span> <span class='ocrx_word' id='word_1_46' title='bbox 409 708 452 773; x_wconf 90' lang='lat' dir='ltr'>rei</span> <span class='ocrx_word' id='word_1_47' title='bbox 468 709 686 786; x_wconf 76' lang='lat' dir='ltr'>intrinsecam,</span> <span class='ocrx_word' id='word_1_48' title='bbox 700 705 731 771; x_wconf 93' lang='lat' dir='ltr'>in</span> <span class='ocrx_word' id='word_1_49' title='bbox 749 725 807 768; x_wconf 82' lang='lat' dir='ltr'>sna</span> <span class='ocrx_word' id='word_1_50' title='bbox 820 705 1058 792; x_wconf 88' lang='lat' dir='ltr'>omnipotentia</span> 
     </span>
     <span class='ocr_line' id='line_1_9' title="bbox 73 792 1057 878; baseline 0.003 -22"><span class='ocrx_word' id='word_1_51' title='bbox 73 871 76 878; x_wconf 15' lang='grc' dir='ltr'><strong><em>Δ</em></strong></span> <span class='ocrx_word' id='word_1_52' title='bbox 180 792 397 859; x_wconf 86' lang='lat' dir='ltr'>ossibllitatem</span> <span class='ocrx_word' id='word_1_53' title='bbox 407 797 472 860; x_wconf 88' lang='lat' dir='ltr'>eius</span> <span class='ocrx_word' id='word_1_54' title='bbox 487 796 712 872; x_wconf 85' lang='lat' dir='ltr'>extrinsecam,</span> <span class='ocrx_word' id='word_1_55' title='bbox 725 809 758 858; x_wconf 90' lang='lat' dir='ltr'>et</span> <span class='ocrx_word' id='word_1_56' title='bbox 772 793 803 855; x_wconf 94' lang='lat' dir='ltr'>in</span> <span class='ocrx_word' id='word_1_57' title='bbox 816 815 872 860; x_wconf 88' lang='lat' dir='ltr'>sua</span> <span class='ocrx_word' id='word_1_58' title='bbox 888 795 1057 859; x_wconf 89' lang='lat' dir='ltr'>voluntate</span> 
     </span>
    </p>

    <p class='ocr_par' dir='ltr' id='par_1_6' title="bbox 153 815 1056 1316">
     <span class='ocr_line' id='line_1_10' title="bbox 153 815 1055 974; baseline 0 -28"><span class='ocrx_word' id='word_1_59' title='bbox 153 815 252 946; x_wconf 60' lang='lat' dir='ltr'>bbere</span> <span class='ocrx_word' id='word_1_60' title='bbox 268 905 331 947; x_wconf 90' lang='lat' dir='ltr'>non</span> <span class='ocrx_word' id='word_1_61' title='bbox 347 884 605 974; x_wconf 84' lang='lat' dir='ltr'>repugnantiam,</span> <span class='ocrx_word' id='word_1_62' title='bbox 629 903 664 948; x_wconf 89' lang='lat' dir='ltr'>ut</span> <span class='ocrx_word' id='word_1_63' title='bbox 687 885 847 948; x_wconf 87' lang='lat' dir='ltr'>decretum</span> <span class='ocrx_word' id='word_1_64' title='bbox 865 884 909 948; x_wconf 90' lang='lat' dir='ltr'>rei</span> <span class='ocrx_word' id='word_1_65' title='bbox 926 883 1055 970; x_wconf 89' lang='lat' dir='ltr'>produ-</span> 
     </span>
     <span class='ocr_line' id='line_1_11' title="bbox 154 969 1055 1061; baseline 0.002 -27"><span class='ocrx_word' id='word_1_66' title='bbox 154 969 275 1036; x_wconf 85' lang='lat' dir='ltr'>cendae</span> <span class='ocrx_word' id='word_1_67' title='bbox 299 990 438 1061; x_wconf 88' lang='lat' dir='ltr'>ponatur</span> <span class='ocrx_word' id='word_1_68' title='bbox 458 973 509 1038; x_wconf 87' lang='lat' dir='ltr'>vel</span> <span class='ocrx_word' id='word_1_69' title='bbox 533 993 608 1036; x_wconf 88' lang='lat' dir='ltr'>non.</span> <span class='ocrx_word' id='word_1_70' title='bbox 629 969 713 1036; x_wconf 84' lang='lat' dir='ltr'>&#39;lum</span> <span class='ocrx_word' id='word_1_71' title='bbox 736 989 801 1036; x_wconf 90' lang='lat' dir='ltr'>sese</span> <span class='ocrx_word' id='word_1_72' title='bbox 823 969 985 1038; x_wconf 82' lang='lat' dir='ltr'>liberrime</span> <span class='ocrx_word' id='word_1_73' title='bbox 1002 970 1055 1036; x_wconf 87' lang='lat' dir='ltr'>de·</span> 
     </span>
     <span class='ocr_line' id='line_1_12' title="bbox 154 1057 1056 1149; baseline 0 -25"><span class='ocrx_word' id='word_1_74' title='bbox 154 1061 299 1124; x_wconf 87' lang='lat' dir='ltr'>terminat</span> <span class='ocrx_word' id='word_1_75' title='bbox 322 1059 363 1125; x_wconf 86' lang='lat' dir='ltr'>ad</span> <span class='ocrx_word' id='word_1_76' title='bbox 386 1061 469 1126; x_wconf 89' lang='lat' dir='ltr'>illam</span> <span class='ocrx_word' id='word_1_77' title='bbox 489 1083 553 1127; x_wconf 91' lang='lat' dir='ltr'>rem</span> <span class='ocrx_word' id='word_1_78' title='bbox 575 1057 813 1149; x_wconf 82' lang='lat' dir='ltr'>producendam</span> <span class='ocrx_word' id='word_1_79' title='bbox 836 1060 869 1124; x_wconf 93' lang='lat' dir='ltr'>in</span> <span class='ocrx_word' id='word_1_80' title='bbox 894 1074 1056 1148; x_wconf 88' lang='lat' dir='ltr'>tempore,</span> 
     </span>
     <span class='ocr_line' id='line_1_13' title="bbox 154 1145 1055 1236; baseline 0 -24"><span class='ocrx_word' id='word_1_81' title='bbox 154 1167 209 1213; x_wconf 84' lang='lat' dir='ltr'>seu</span> <span class='ocrx_word' id='word_1_82' title='bbox 232 1150 359 1236; x_wconf 87' lang='lat' dir='ltr'>ponitur</span> <span class='ocrx_word' id='word_1_83' title='bbox 387 1149 569 1227; x_wconf 89' lang='lat' dir='ltr'>decretum,</span> <span class='ocrx_word' id='word_1_84' title='bbox 596 1148 685 1232; x_wconf 91' lang='lat' dir='ltr'>qnod</span> <span class='ocrx_word' id='word_1_85' title='bbox 709 1145 843 1232; x_wconf 85' lang='lat' dir='ltr'>proinde</span> <span class='ocrx_word' id='word_1_86' title='bbox 870 1169 913 1213; x_wconf 83' lang='lat' dir='ltr'>ex</span> <span class='ocrx_word' id='word_1_87' title='bbox 934 1165 1055 1218; x_wconf 82' lang='lat' dir='ltr'>-uatura</span> 
     </span>
     <span class='ocr_line' id='line_1_14' title="bbox 155 1235 784 1316; baseline -0.003 -14"><span class='ocrx_word' id='word_1_88' title='bbox 155 1235 216 1302; x_wconf 89' lang='lat' dir='ltr'>Dei</span> <span class='ocrx_word' id='word_1_89' title='bbox 241 1235 436 1316; x_wconf 87' lang='lat' dir='ltr'>immutabile</span> <span class='ocrx_word' id='word_1_90' title='bbox 459 1255 506 1303; x_wconf 88' lang='lat' dir='ltr'>est</span> <span class='ocrx_word' id='word_1_91' title='bbox 525 1255 558 1304; x_wconf 90' lang='lat' dir='ltr'>et</span> <span class='ocrx_word' id='word_1_92' title='bbox 583 1235 622 1302; x_wconf 90' lang='lat' dir='ltr'>ab</span> <span class='ocrx_word' id='word_1_93' title='bbox 643 1253 784 1302; x_wconf 85' lang='lat' dir='ltr'>aeterno.</span> 
     </span>
    </p>
   </div>
   <div class='ocr_carea' id='block_1_6' title="bbox 154 1401 1055 1492">
    <p class='ocr_par' dir='ltr' id='par_1_7' title="bbox 154 1401 1055 1492">
     <span class='ocr_line' id='line_1_15' title="bbox 154 1401 1055 1492; baseline -0.002 -14"><span class='ocrx_word' id='word_1_94' title='bbox 154 1407 252 1478; x_wconf 83' lang='lat' dir='ltr'>stt</span> <span class='ocrx_word' id='word_1_95' title='bbox 282 1401 429 1492; x_wconf 79' lang='lat' dir='ltr'>nonunt,</span> <span class='ocrx_word' id='word_1_96' title='bbox 456 1430 552 1484; x_wconf 77' lang='lat' dir='ltr'>ovas</span> <span class='ocrx_word' id='word_1_97' title='bbox 589 1429 630 1478; x_wconf 77' lang='lat' dir='ltr'>tra</span> <span class='ocrx_word' id='word_1_98' title='bbox 663 1432 794 1480; x_wconf 78' lang='lat' dir='ltr'>nunno</span> <span class='ocrx_word' id='word_1_99' title='bbox 821 1429 968 1491; x_wconf 76' lang='lat' dir='ltr'>rtvrtr,</span> <span class='ocrx_word' id='word_1_100' title='bbox 995 1430 1055 1478; x_wconf 84' lang='lat' dir='ltr'>tu-</span> 
     </span>
    </p>
   </div>
   <div class='ocr_carea' id='block_1_7' title="bbox 198 1519 1124 1670">
    <p class='ocr_par' dir='ltr' id='par_1_8' title="bbox 198 1519 1124 1670">
     <span class='ocr_line' id='line_1_16' title="bbox 199 1519 1124 1598; baseline -0.004 -30"><span class='ocrx_word' id='word_1_101' title='bbox 199 1521 266 1568; x_wconf 73' lang='lat' dir='ltr'>Eu.</span> <span class='ocrx_word' id='word_1_102' title='bbox 296 1521 336 1567; x_wconf 71' lang='lat' dir='ltr'>nt</span> <span class='ocrx_word' id='word_1_103' title='bbox 367 1519 614 1568; x_wconf 73' lang='lat' dir='ltr'>unnrtovtntu</span> <span class='ocrx_word' id='word_1_104' title='bbox 644 1519 742 1567; x_wconf 76' lang='lat' dir='ltr'>vm</span> <span class='ocrx_word' id='word_1_105' title='bbox 771 1519 835 1567; x_wconf 75' lang='lat' dir='ltr'>sssv</span> <span class='ocrx_word' id='word_1_106' title='bbox 866 1519 1052 1566; x_wconf 77' lang='lat' dir='ltr'>Ducnuvtr</span> <span class='ocrx_word' id='word_1_107' title='bbox 1123 1575 1124 1598; x_wconf 15' lang='grc' dir='ltr'>ζ</span> 
     </span>
     <span class='ocr_line' id='line_1_17' title="bbox 198 1607 1053 1670; baseline -0.001 -16"><span class='ocrx_word' id='word_1_108' title='bbox 198 1610 386 1656; x_wconf 65' lang='lat' dir='ltr'>ausuum</span> <span class='ocrx_word' id='word_1_109' title='bbox 413 1607 640 1670; x_wconf 70' lang='lat' dir='ltr'>SPECTATVM,</span> <span class='ocrx_word' id='word_1_110' title='bbox 676 1611 737 1657; x_wconf 76' lang='lat' dir='ltr'>tun</span> <span class='ocrx_word' id='word_1_111' title='bbox 762 1607 802 1656; x_wconf 76' lang='lat' dir='ltr'>m</span> <span class='ocrx_word' id='word_1_112' title='bbox 830 1607 1053 1656; x_wconf 64' lang='lat' dir='ltr'>nezanum</span> 
     </span>
    </p>
   </div>
   <div class='ocr_carea' id='block_1_8' title="bbox 200 1695 401 1746">
    <p class='ocr_par' dir='ltr' id='par_1_9' title="bbox 200 1695 401 1746">
     <span class='ocr_line' id='line_1_18' title="bbox 200 1695 401 1746; baseline 0.005 -2"><span class='ocrx_word' id='word_1_113' title='bbox 200 1697 256 1744; x_wconf 74' lang='lat' dir='ltr'>An</span> <span class='ocrx_word' id='word_1_114' title='bbox 273 1695 401 1746; x_wconf 72' lang='lat' dir='ltr'><em>TOTVM‘·</em></span> 
     </span>
    </p>
   </div>
   <div class='ocr_carea' id='block_1_9' title="bbox 198 1847 1123 1933">
    <p class='ocr_par' dir='ltr' id='par_1_10' title="bbox 198 1847 1123 1933">
     <span class='ocr_line' id='line_1_19' title="bbox 198 1847 1123 1933; baseline -0.001 -15"><span class='ocrx_word' id='word_1_115' title='bbox 198 1847 261 1918; x_wconf 86' lang='lat' dir='ltr'>IX.</span> <span class='ocrx_word' id='word_1_116' title='bbox 307 1850 403 1918; x_wconf 90' lang='lat' dir='ltr'>Prob.</span> <span class='ocrx_word' id='word_1_117' title='bbox 431 1851 575 1921; x_wconf 86' lang='lat' dir='ltr'>Mundus</span> <span class='ocrx_word' id='word_1_118' title='bbox 604 1853 686 1921; x_wconf 92' lang='lat' dir='ltr'>enim</span> <span class='ocrx_word' id='word_1_119' title='bbox 713 1874 768 1920; x_wconf 84' lang='lat' dir='ltr'>ens</span> <span class='ocrx_word' id='word_1_120' title='bbox 796 1873 894 1919; x_wconf 91' lang='lat' dir='ltr'>unum</span> <span class='ocrx_word' id='word_1_121' title='bbox 923 1869 998 1933; x_wconf 85' lang='lat' dir='ltr'>est,</span> <span class='ocrx_word' id='word_1_122' title='bbox 1024 1867 1054 1920; x_wconf 88' lang='lat' dir='ltr'>et</span> <span class='ocrx_word' id='word_1_123' title='bbox 1122 1851 1123 1870; x_wconf 64' lang='lat'>¹</span> 
     </span>
    </p>
   </div>
   <div class='ocr_carea' id='block_1_10' title="bbox 156 1939 1054 2030">
    <p class='ocr_par' dir='ltr' id='par_1_11' title="bbox 156 1939 1054 2030">
     <span class='ocr_line' id='line_1_20' title="bbox 156 1939 1054 2030; baseline 0.002 -26"><span class='ocrx_word' id='word_1_124' title='bbox 156 1939 275 2030; x_wconf 83' lang='lat' dir='ltr'>singula</span> <span class='ocrx_word' id='word_1_125' title='bbox 290 1942 321 2006; x_wconf 87' lang='lat' dir='ltr'>in</span> <span class='ocrx_word' id='word_1_126' title='bbox 336 1965 446 2008; x_wconf 90' lang='lat' dir='ltr'>eorum</span> <span class='ocrx_word' id='word_1_127' title='bbox 461 1944 512 2010; x_wconf 79' lang='lat' dir='ltr'>vel</span> <span class='ocrx_word' id='word_1_128' title='bbox 527 1943 617 2009; x_wconf 91' lang='lat' dir='ltr'>simul</span> <span class='ocrx_word' id='word_1_129' title='bbox 638 1942 689 2008; x_wconf 89' lang='lat' dir='ltr'>vel</span> <span class='ocrx_word' id='word_1_130' title='bbox 711 1943 889 2008; x_wconf 88' lang='lat' dir='ltr'>successive</span> <span class='ocrx_word' id='word_1_131' title='bbox 916 1945 1054 2008; x_wconf 83' lang='lat' dir='ltr'>existen·</span> 
     </span>
    </p>
   </div>
   <div class='ocr_carea' id='block_1_11' title="bbox 158 2029 1122 2122">
    <p class='ocr_par' dir='ltr' id='par_1_12' title="bbox 158 2029 1122 2122">
     <span class='ocr_line' id='line_1_21' title="bbox 158 2029 1122 2122; baseline 0.004 -32"><span class='ocrx_word' id='word_1_132' title='bbox 158 2029 201 2092; x_wconf 86' lang='lat' dir='ltr'>tia</span> <span class='ocrx_word' id='word_1_133' title='bbox 226 2045 299 2092; x_wconf 91' lang='lat' dir='ltr'>sunt</span> <span class='ocrx_word' id='word_1_134' title='bbox 325 2031 462 2097; x_wconf 88' lang='lat' dir='ltr'>eiusdem</span> <span class='ocrx_word' id='word_1_135' title='bbox 492 2050 609 2122; x_wconf 87' lang='lat' dir='ltr'>partes.</span> <span class='ocrx_word' id='word_1_136' title='bbox 636 2030 797 2108; x_wconf 86' lang='lat' dir='ltr'>Quoniam</span> <span class='ocrx_word' id='word_1_137' title='bbox 820 2029 929 2114; x_wconf 89' lang='lat' dir='ltr'>itaque</span> <span class='ocrx_word' id='word_1_138' title='bbox 956 2031 1050 2107; x_wconf 87' lang='lat' dir='ltr'>Dens,</span> <span class='ocrx_word' id='word_1_139' title='bbox 1121 2081 1122 2090; x_wconf 63' lang='grc'>,</span> 
     </span>
    </p>
   </div>
   <div class='ocr_carea' id='block_1_12' title="bbox 155 2117 1051 2296">
    <p class='ocr_par' dir='ltr' id='par_1_13' title="bbox 155 2117 1051 2296">
     <span class='ocr_line' id='line_1_22' title="bbox 156 2117 1051 2204; baseline 0.002 -25"><span class='ocrx_word' id='word_1_140' title='bbox 156 2117 211 2204; x_wconf 89' lang='lat' dir='ltr'>qui</span> <span class='ocrx_word' id='word_1_141' title='bbox 227 2117 331 2180; x_wconf 88' lang='lat' dir='ltr'>omnia</span> <span class='ocrx_word' id='word_1_142' title='bbox 346 2119 386 2183; x_wconf 87' lang='lat' dir='ltr'>ab</span> <span class='ocrx_word' id='word_1_143' title='bbox 402 2137 531 2186; x_wconf 90' lang='lat' dir='ltr'>aeterno</span> <span class='ocrx_word' id='word_1_144' title='bbox 545 2138 576 2186; x_wconf 91' lang='lat' dir='ltr'>et</span> <span class='ocrx_word' id='word_1_145' title='bbox 588 2119 680 2184; x_wconf 85' lang='lat' dir='ltr'>simul</span> <span class='ocrx_word' id='word_1_146' title='bbox 697 2139 752 2184; x_wconf 86' lang='lat' dir='ltr'>seu</span> <span class='ocrx_word' id='word_1_147' title='bbox 768 2119 862 2182; x_wconf 90' lang='lat' dir='ltr'>unico</span> <span class='ocrx_word' id='word_1_148' title='bbox 876 2117 1051 2185; x_wconf 85' lang='lat' dir='ltr'>intellectus</span> 
     </span>
     <span class='ocr_line' id='line_1_23' title="bbox 155 2207 1051 2296; baseline 0.001 -27"><span class='ocrx_word' id='word_1_149' title='bbox 155 2219 231 2270; x_wconf 85' lang='lat' dir='ltr'>actu</span> <span class='ocrx_word' id='word_1_150' title='bbox 247 2207 429 2296; x_wconf 79' lang='lat' dir='ltr'>cognoscit,</span> <span class='ocrx_word' id='word_1_151' title='bbox 450 2207 604 2273; x_wconf 90' lang='lat' dir='ltr'>mnndum</span> <span class='ocrx_word' id='word_1_152' title='bbox 626 2226 789 2296; x_wconf 89' lang='lat' dir='ltr'>tamquam</span> <span class='ocrx_word' id='word_1_153' title='bbox 805 2227 860 2270; x_wconf 87' lang='lat' dir='ltr'>ens</span> <span class='ocrx_word' id='word_1_154' title='bbox 879 2228 999 2283; x_wconf 90' lang='lat' dir='ltr'>unum,</span> <span class='ocrx_word' id='word_1_155' title='bbox 1021 2223 1051 2272; x_wconf 87' lang='lat' dir='ltr'>et</span> 
     </span>
    </p>
   </div>
   <div class='ocr_carea' id='block_1_13' title="bbox 155 2295 1121 2490">
    <p class='ocr_par' dir='ltr' id='par_1_14' title="bbox 155 2295 1121 2490">
     <span class='ocr_line' id='line_1_24' title="bbox 155 2295 1121 2384; baseline 0.001 -27"><span class='ocrx_word' id='word_1_156' title='bbox 155 2295 276 2382; x_wconf 84' lang='lat' dir='ltr'>singula</span> <span class='ocrx_word' id='word_1_157' title='bbox 292 2295 500 2361; x_wconf 64' lang='lat' dir='ltr'>coexistentia</span> <span class='ocrx_word' id='word_1_158' title='bbox 521 2312 552 2361; x_wconf 91' lang='lat' dir='ltr'>et</span> <span class='ocrx_word' id='word_1_159' title='bbox 572 2295 749 2360; x_wconf 84' lang='lat' dir='ltr'>successiva</span> <span class='ocrx_word' id='word_1_160' title='bbox 774 2312 939 2384; x_wconf 89' lang='lat' dir='ltr'>tamquam</span> <span class='ocrx_word' id='word_1_161' title='bbox 962 2295 1051 2359; x_wconf 86' lang='lat' dir='ltr'>unius</span> <span class='ocrx_word' id='word_1_162' title='bbox 1120 2339 1121 2342; x_wconf 19' lang='grc' dir='ltr'><strong>κ</strong></span> 
     </span>
     <span class='ocr_line' id='line_1_25' title="bbox 155 2381 1121 2490; baseline 0.005 -47"><span class='ocrx_word' id='word_1_163' title='bbox 155 2385 254 2447; x_wconf 89' lang='lat' dir='ltr'>totius</span> <span class='ocrx_word' id='word_1_164' title='bbox 269 2403 374 2472; x_wconf 87' lang='lat' dir='ltr'>partes</span> <span class='ocrx_word' id='word_1_165' title='bbox 392 2382 447 2447; x_wconf 88' lang='lat' dir='ltr'>sibi</span> <span class='ocrx_word' id='word_1_166' title='bbox 463 2383 712 2490; x_wconf 80' lang='lat' dir='ltr'>repraesentavit</span> <span class='ocrx_word' id='word_1_167' title='bbox 727 2381 766 2448; x_wconf 88' lang='lat' dir='ltr'>ab</span> <span class='ocrx_word' id='word_1_168' title='bbox 784 2399 934 2460; x_wconf 84' lang='lat' dir='ltr'>aetern03</span> <span class='ocrx_word' id='word_1_169' title='bbox 952 2399 1053 2448; x_wconf 84' lang='lat' dir='ltr'>actua·</span> <span class='ocrx_word' id='word_1_170' title='bbox 1120 2385 1121 2394; x_wconf 77' lang='grc'>’</span> 
     </span>
    </p>
   </div>
   <div class='ocr_carea' id='block_1_14' title="bbox 155 2467 1049 3087">
    <p class='ocr_par' dir='ltr' id='par_1_15' title="bbox 155 2467 1049 3087">
     <span class='ocr_line' id='line_1_26' title="bbox 155 2467 1049 2560; baseline 0.001 -28"><span class='ocrx_word' id='word_1_171' title='bbox 155 2467 275 2536; x_wconf 87' lang='lat' dir='ltr'>litatem</span> <span class='ocrx_word' id='word_1_172' title='bbox 297 2470 427 2560; x_wconf 84' lang='lat' dir='ltr'>quoque</span> <span class='ocrx_word' id='word_1_173' title='bbox 447 2489 545 2538; x_wconf 82' lang='lat' dir='ltr'>tortus</span> <span class='ocrx_word' id='word_1_174' title='bbox 568 2471 675 2536; x_wconf 90' lang='lat' dir='ltr'>mundi</span> <span class='ocrx_word' id='word_1_175' title='bbox 701 2488 733 2536; x_wconf 91' lang='lat' dir='ltr'>et</span> <span class='ocrx_word' id='word_1_176' title='bbox 759 2492 869 2536; x_wconf 91' lang='lat' dir='ltr'>eurum</span> <span class='ocrx_word' id='word_1_177' title='bbox 898 2472 1049 2550; x_wconf 89' lang='lat' dir='ltr'>omnium,</span> 
     </span>
     <span class='ocr_line' id='line_1_27' title="bbox 156 2557 1049 2646; baseline 0.004 -26"><span class='ocrx_word' id='word_1_178' title='bbox 156 2558 286 2642; x_wconf 82' lang='lat' dir='ltr'>quaein</span> <span class='ocrx_word' id='word_1_179' title='bbox 302 2560 377 2646; x_wconf 59' lang='lat' dir='ltr'>ipso*</span> <span class='ocrx_word' id='word_1_180' title='bbox 389 2579 461 2624; x_wconf 92' lang='lat' dir='ltr'>snut</span> <span class='ocrx_word' id='word_1_181' title='bbox 469 2607 481 2638; x_wconf 90' lang='lat'>,</span> <span class='ocrx_word' id='word_1_182' title='bbox 497 2559 587 2626; x_wconf 84' lang='lat' dir='ltr'>simul</span> <span class='ocrx_word' id='word_1_183' title='bbox 604 2561 696 2623; x_wconf 89' lang='lat' dir='ltr'>unico</span> <span class='ocrx_word' id='word_1_184' title='bbox 710 2557 884 2624; x_wconf 81' lang='lat' dir='ltr'>voluntatis</span> <span class='ocrx_word' id='word_1_185' title='bbox 900 2575 976 2622; x_wconf 91' lang='lat' dir='ltr'>actu</span> <span class='ocrx_word' id='word_1_186' title='bbox 996 2557 1049 2624; x_wconf 88' lang='lat' dir='ltr'>de-</span> 
     </span>
     <span class='ocr_line' id='line_1_28' title="bbox 156 2645 1048 2736; baseline 0.01 -30"><span class='ocrx_word' id='word_1_187' title='bbox 156 2645 273 2723; x_wconf 85' lang='lat' dir='ltr'>crevit,</span> <span class='ocrx_word' id='word_1_188' title='bbox 288 2667 324 2708; x_wconf 84' lang='lat' dir='ltr'>ac</span> <span class='ocrx_word' id='word_1_189' title='bbox 341 2645 476 2734; x_wconf 77' lang='lat' dir='ltr'>proinde</span> <span class='ocrx_word' id='word_1_190' title='bbox 497 2647 573 2712; x_wconf 83' lang='lat' dir='ltr'>nihil</span> <span class='ocrx_word' id='word_1_191' title='bbox 589 2645 731 2714; x_wconf 85' lang='lat' dir='ltr'>decrevit</span> <span class='ocrx_word' id='word_1_192' title='bbox 743 2647 777 2710; x_wconf 88' lang='lat' dir='ltr'>in</span> <span class='ocrx_word' id='word_1_193' title='bbox 792 2645 976 2736; x_wconf 86' lang='lat' dir='ltr'>particulari</span> <span class='ocrx_word' id='word_1_194' title='bbox 990 2651 1048 2713; x_wconf 87' lang='lat' dir='ltr'>sine</span> 
     </span>
     <span class='ocr_line' id='line_1_29' title="bbox 157 2731 1048 2824; baseline 0.009 -32"><span class='ocrx_word' id='word_1_195' title='bbox 157 2731 307 2797; x_wconf 83' lang='lat' dir='ltr'>relatione</span> <span class='ocrx_word' id='word_1_196' title='bbox 319 2732 359 2797; x_wconf 90' lang='lat' dir='ltr'>ad</span> <span class='ocrx_word' id='word_1_197' title='bbox 372 2752 487 2799; x_wconf 87' lang='lat' dir='ltr'>totum.</span> <span class='ocrx_word' id='word_1_198' title='bbox 504 2733 592 2799; x_wconf 89' lang='lat' dir='ltr'>Haec</span> <span class='ocrx_word' id='word_1_199' title='bbox 606 2735 787 2824; x_wconf 86' lang='lat' dir='ltr'>propositio</span> <span class='ocrx_word' id='word_1_200' title='bbox 802 2733 903 2820; x_wconf 88' lang='lat' dir='ltr'>probe</span> <span class='ocrx_word' id='word_1_201' title='bbox 916 2735 1048 2800; x_wconf 89' lang='lat' dir='ltr'>notanda</span> 
     </span>
     <span class='ocr_line' id='line_1_30' title="bbox 157 2819 1049 2912; baseline 0.007 -30"><span class='ocrx_word' id='word_1_202' title='bbox 157 2837 227 2897; x_wconf 89' lang='lat' dir='ltr'>est,</span> <span class='ocrx_word' id='word_1_203' title='bbox 242 2841 280 2884; x_wconf 88' lang='lat' dir='ltr'>ne</span> <span class='ocrx_word' id='word_1_204' title='bbox 296 2819 379 2902; x_wconf 88' lang='lat' dir='ltr'>circa</span> <span class='ocrx_word' id='word_1_205' title='bbox 396 2823 550 2912; x_wconf 85' lang='lat' dir='ltr'>originem</span> <span class='ocrx_word' id='word_1_206' title='bbox 566 2840 596 2887; x_wconf 92' lang='lat' dir='ltr'>et</span> <span class='ocrx_word' id='word_1_207' title='bbox 613 2825 849 2910; x_wconf 85' lang='lat' dir='ltr'>permissionem</span> <span class='ocrx_word' id='word_1_208' title='bbox 860 2822 932 2889; x_wconf 88' lang='lat' dir='ltr'>mali</span> <span class='ocrx_word' id='word_1_209' title='bbox 948 2823 1049 2888; x_wconf 89' lang='lat' dir='ltr'>orian-</span> 
     </span>
     <span class='ocr_line' id='line_1_31' title="bbox 158 2899 1047 2996; baseline 0.011 -31"><span class='ocrx_word' id='word_1_210' title='bbox 158 2917 210 2992; x_wconf 88' lang='lat' dir='ltr'>tur</span> <span class='ocrx_word' id='word_1_211' title='bbox 239 2899 441 2972; x_wconf 83' lang='lat' dir='ltr'>difficultates</span> <span class='ocrx_word' id='word_1_212' title='bbox 465 2909 683 2996; x_wconf 72' lang='lat' dir='ltr'>&#39;gravissimae</span> <span class='ocrx_word' id='word_1_213' title='bbox 713 2911 944 2994; x_wconf 87' lang='lat' dir='ltr'>Quaecumque</span> <span class='ocrx_word' id='word_1_214' title='bbox 973 2911 1047 2977; x_wconf 87' lang='lat' dir='ltr'>enim</span> 
     </span>
     <span class='ocr_line' id='line_1_32' title="bbox 164 2993 1049 3087; baseline 0.016 -35"><span class='ocrx_word' id='word_1_215' title='bbox 164 2993 279 3059; x_wconf 78' lang='lat' dir='ltr'>treveri</span> <span class='ocrx_word' id='word_1_216' title='bbox 304 2995 431 3076; x_wconf 81' lang='lat' dir='ltr'>solent,</span> <span class='ocrx_word' id='word_1_217' title='bbox 463 3017 528 3062; x_wconf 89' lang='lat' dir='ltr'>non</span> <span class='ocrx_word' id='word_1_218' title='bbox 557 2997 683 3065; x_wconf 84' lang='lat' dir='ltr'>aliunde</span> <span class='ocrx_word' id='word_1_219' title='bbox 720 2999 933 3087; x_wconf 87' lang='lat' dir='ltr'>proveniunt,</span> <span class='ocrx_word' id='word_1_220' title='bbox 962 3019 1049 3087; x_wconf 86' lang='lat' dir='ltr'>quam</span> 
     </span>
    </p>
   </div>
   <div class='ocr_carea' id='block_1_15' title="bbox 0 0 1142 3416">
    <p class='ocr_par' dir='ltr' id='par_1_16' title="bbox 0 0 1142 3416">
     <span class='ocr_line' id='line_1_33' title="bbox 0 0 1142 3416; baseline 0 0"><span class='ocrx_word' id='word_1_221' title='bbox 0 0 1142 3416; x_wconf 95' lang='lat' dir='ltr'> </span> 
     </span>
    </p>
   </div>
  </div>
 </body>
</html>
