2258 3428
211 181 295 246 τιὸλ
444 197 641 244 tttsrrtvr.
666 197 814 245 ramos.

207 271 325 336 tionem
341 265 512 348 referamus
528 268 668 355 ‚reliqua
684 287 760 332 vero
773 265 957 332 omittamus
971 315 983 346 ,
1001 281 1049 332 at·

171 393 175 404 =
207 381 270 448 que
286 361 328 425 ita
341 357 491 420 vocabuli
506 356 689 443 significatio
704 357 912 446 restringitur.
932 357 1049 420 Exem·

111 521 114 537 ι
208 451 266 534 plo
288 468 354 512 esse
378 445 500 532 poterit
524 469 589 510 vox
612 444 763 528 mundus.
788 446 896 532 Aliqui
913 443 1050 512 confusa
1122 485 1123 518 r

207 538 339 602 notione
357 534 413 598 sibi
433 551 670 622 repraesentant
686 533 839 598 mundum
853 583 866 614 ,
880 554 1045 622 tamquam

209 625 423 709 compositum
442 645 480 688 ex
497 624 589 688 coelo
606 641 638 690 et
661 641 744 688 terra
761 669 770 702 ,
796 623 913 690 deinde
928 624 959 687 in
973 645 1050 688 coe-

208 713 245 778 lis
261 714 461 799 distinguunt
477 713 576 778 sidera
593 757 602 786 ‚
627 713 658 776 in
676 730 758 778 terra
782 713 965 788 minutalia,
980 713 1048 776 flu·-
1121 763 1126 800 Ἴ]

210 801 307 880 rios,
332 802 391 866 aiia
416 800 544 868 deinde·
563 802 653 865 Alius
674 821 779 866 autem
802 803 843 866 ad
867 801 925 864 alia
940 817 1047 866 attera·
1125 873 1126 888 ,

211 889 284 968 dit,
305 909 336 957 et
354 890 506 957 mundum
532 889 590 954 sibi
608 890 697 971 aiiter
714 889 927 976 imaginatur,
951 909 1048 976 prout
1125 945 1126 948 ,

209 976 291 1062 haec
314 983 364 1044 vei
391 981 444 1044 iiia
473 1001 611 1064 corpora
639 979 744 1066 potius
763 980 923 1044 observat.
939 981 1048 1066 Atque

209 1065 285 1136 hinc
305 1070 407 1132 oritur
434 1090 514 1157 vaga
536 1067 627 1132 huius
652 1068 740 1131 vocis
762 1069 851 1157 notio
875 1114 886 1145 ,
910 1089 973 1154 qna
1002 1069 1046 1148 fit,
1125 1114 1126 1146 3

213 1173 250 1221 ut
275 1156 362 1244 apud
391 1159 546 1242 quosdam
570 1157 722 1244 significet
748 1157 886 1244 spatium
916 1157 1049 1235 unirer·
1118 1197 1126 1232 ς

214 1266 282 1310 sum
301 1265 438 1330 corpora
451 1246 557 1308 omnia
573 1265 738 1310 continens
750 1291 758 1321 ,
770 1245 857 1332 apud
874 1243 952 1310 alios
969 1267 1049 1316 cor-

213 1353 293 1420 pora
313 1349 463 1398 contenta
501 1352 651 1410 tantum,
684 1355 767 1398 nunc
793 1335 892 1397 solam
921 1349 1049 1414 terram,
1125 1379 1126 1416 3

213 1420 386 1509 aliquando
402 1423 504 1486 solum
525 1445 623 1512 genus
639 1422 822 1487 humanum.
842 1423 892 1486 Ex
909 1419 955 1484 his
973 1445 1050 1510 por·
1125 1469 1126 1484 r

215 1530 252 1575 ro
272 1507 470 1576 manifestum
488 1532 554 1590 est,
572 1534 683 1600 vagam
699 1533 766 1576 esse
787 1510 1046 1600 significationem

214 1599 385 1680 vocabuli,
406 1599 494 1684 quod
510 1601 660 1687 exprimit
682 1602 842 1664 notionem
865 1598 1048 1680 obscuram,

215 1689 265 1754 vel
293 1691 455 1754 notionem
473 1686 635 1755 confusam
654 1735 664 1766 ,
684 1711 765 1774 quae
782 1689 901 1776 aliquid
922 1687 1048 1758 distinc-

215 1775 240 1839 ti
278 1778 450 1842 admixtum
479 1777 584 1842 habet.
622 1779 745 1842 Contra
777 1780 830 1865 qui
862 1797 1049 1844 enumerare

216 1863 301 1928 valet
327 1881 417 1927 notas
440 1863 618 1930 distinctam
647 1867 811 1930 notionem
839 1867 1051 1952 adaequatam

216 1969 470 2039 componentes,
493 1953 516 2018 is
533 1956 693 2020 vocabulo
710 1957 870 2036 notionem
887 1954 972 2018 illam
987 1977 1050 2018 ex-

211 2040 365 2135 primenti
391 2041 484 2106 fixam
509 2042 765 2132 significationem
781 2043 904 2106 tribuit.
924 2041 1053 2114 Distin-

216 2130 281 2216 guit
311 2129 393 2200 enim
422 2149 512 2194 notas
542 2129 731 2198 sufficientes
759 2131 881 2196 adrem
907 2129 938 2192 in
962 2151 1052 2197 statu

215 2217 359 2304 quolibet
395 2220 629 2306 agnoscendam
668 2240 698 2286 et
740 2218 779 2284 ab
817 2221 876 2284 alia
904 2219 1052 2305 qualibet

217 2305 500 2396 distinguendam:
526 2309 615 2372 novit
642 2307 798 2374 vocabula
829 2307 959 2395 singulis
985 2331 1051 2374 no-

214 2394 254 2459 tis
284 2399 437 2482 propria,
467 2396 604 2484 ideoque
630 2419 708 2488 apto
742 2397 971 2483 vocabuiprum
994 2419 1054 2464 usu
1125 2401 1126 2474 ᾖ

216 2485 376 2548 notionem
414 2483 519 2550 reddit
550 2488 644 2553 fixam
670 2505 702 2554 et
749 2485 839 2552 facile
869 2489 1055 2552 communi·
1125 2477 1126 2518 ³

217 2572 364 2636 caudam.

262 2658 330 2728 Vt.
377 2659 407 2723 Si
439 2659 577 2727 eiusdem
602 2661 646 2728 rei
678 2663 782 2750 piures
816 2659 943 2730 formari
970 2683 1055 2748 pos·
1125 2671 1126 2706 ³

218 2767 289 2812 sunt
313 2747 480 2816 distinctae
503 2751 649 2818 notiones
667 2797 677 2827 ,
695 2750 843 2816 vocabuli
868 2751 1058 2837 significatio

217 2836 325 2901 eadem
362 2858 410 2902 est
443 2859 676 2928 quamcumque
711 2862 751 2906 ex
780 2841 837 2903 iliis
868 2839 1057 2905 notionibus
1125 2911 1126 2916 γ

215 2924 318 2992 cidem
341 2927 500 2994 vocabulo
515 2929 645 3017 iungere
658 2930 809 2996 volueris.
826 2926 956 2994 Etenim
985 2930 1057 2994 sin·
1125 2993 1126 2998 ,
