2298 3418
236 143 281 214 66
460 147 676 212 ‘inemec-h
707 147 848 211 antuus.
897 153 901 161 ’
937 217 942 230 ,
1138 189 1139 218 2

235 233 431 302 cretum‘de
456 233 577 299 mundo
605 254 671 298 uon
702 231 889 300 condendo.
919 229 1086 313 Quoniam
1138 233 1139 276 l

235 341 341 391 tamen
358 323 449 391 Deus
471 323 616 389 libertate
636 341 739 402 usus,
767 324 875 410 potius
890 325 1086 390 existimavit
1138 279 1139 374 i

236 414 392 482 muudum
413 411 577 491 condere,
609 431 783 494 quamuou
803 413 970 493 condere,
999 434 1086 481 cou-

235 503 371 569 ttatium
387 500 552 580 decretum
568 501 599 563 in
615 499 688 564 Deo
706 521 884 588 numquam
900 499 973 567 fuit.

280 589 349 656 ΙΙΙ.
368 674 370 680 ¹
396 591 487 656 Haec
504 589 603 668 talia,
634 608 772 676 quotum
787 591 974 678 oppositum
988 589 1087 658 abso·

238 679 305 748 lute
327 701 391 744 uon
415 695 601 767 repugnat,
632 680 775 764 quamvis
798 697 872 744 actu
895 679 996 745 inesse
1016 695 1086 748 nou

237 769 387 858 possint,
402 767 511 833 modos
525 781 729 854 apparentes
744 766 988 855 appellavimus.
1013 769 1086 836 Ta-

238 857 284 923 les
313 857 400 924 modi
428 877 493 920 non
520 854 666 920 absolute
691 855 746 921 sed
774 853 986 946 hypothetice
1010 874 1086 923 tan·
1138 875 1139 882 ¹

237 961 307 1012 tum
330 964 405 1012 aunt
440 944 616 1010 necessarii.
646 943 775 1010 Etenim
802 967 915 1012 eorum
944 947 1084 1033 opposi-

238 1036 389 1102 tumenti
409 1033 531 1099 infinito
551 1031 698 1098 absolute
719 1053 784 1096 nou
809 1052 996 1122 repugnat;
1026 1056 1083 1102 er·
1138 1087 1139 1126 p

239 1145 282 1213 go
302 1146 366 1190 non
382 1141 455 1186 sunt
469 1120 617 1186 absolute
637 1121 813 1186 necessarii.
844 1120 1010 1200 Quoniam
1030 1141 1081 1190 ta·
1138 1135 1139 1204 l

239 1234 339 1292 men,
369 1209 422 1276 eos
445 1213 519 1274 ectu
544 1211 707 1288 existere,
736 1222 892 1301 repugnat
916 1211 1083 1299 hypothe·
1138 1215 1139 1266 l

238 1299 324 1378 tice,
356 1299 429 1365 ideo
452 1297 668 1388 hypothetice
693 1315 815 1363 tautum
839 1316 915 1362 sunt
935 1315 1081 1367 necessa·
1138 1337 1139 1386 l

239 1388 287 1455 tii.
321 1389 361 1453 Et
391 1411 420 1478 g.
444 1387 607 1454 decretum
632 1385 674 1452 de
698 1387 820 1452 mundo
846 1388 1022 1456 condendo
1049 1406 1083 1456 et
1138 1405 1139 1480 l

237 1497 304 1542 non
320 1477 490 1548 condendo
511 1476 601 1541 simul
621 1474 653 1537 iu
670 1475 745 1543 Deo
759 1474 827 1540 dari
844 1478 979 1564 nequit·
999 1473 1082 1561 Quia
1138 1485 1139 1502 l

237 1581 344 1632 tamen
363 1565 530 1632 decretum
550 1563 592 1631 de
612 1563 735 1628 mundo
749 1585 814 1630 non
836 1563 1013 1632 condendo
1027 1588 1082 1631 es·

239 1657 363 1722 seutiae
385 1655 514 1721 divinae
538 1675 602 1718 nou
631 1672 789 1740 repugnat
821 1653 992 1734 absolute,
1018 1655 1095 1720 de-'

202 1808 208 1816 ,
240 1761 363 1810 cretum
394 1743 432 1808 de
460 1741 581 1808 mundo
605 1741 779 1807 condendo
810 1759 950 1807 nonest
981 1739 1084 1808 ahso-

242 1831 310 1897 lute
332 1831 551 1896 necessarium.
579 1827 783 1918 Impossibile
809 1849 917 1896 autem
943 1847 993 1898 eat
1008 1877 1020 1908 ,
1047 1846 1083 1898 ut
1136 1867 1137 1872 κ

241 1918 274 1982 in
291 1921 363 1985 Deo
385 1919 476 1984 simul
492 1919 531 1982 sit
554 1916 719 1986 decretum
737 1918 778 1984 de
791 1920 914 1987 mundo
931 1919 1081 1999 conden-

242 2007 289 2073 do
310 2026 342 2074 et
377 2009 417 2073 de
442 2006 555 2092 eodem
583 2027 647 2072 non
670 2007 857 2074 condendo.
885 2009 931 2073 Et
958 2027 1084 2096 praete·

211 2166 215 2174 ,
244 2119 298 2162 tea
322 2097 439 2176 Deus,
469 2095 523 2182 qui
539 2097 731 2162 mutarinon
749 2113 887 2186 potest,
915 2095 1083 2163 decretum
1138 2071 1139 2142 l

223 2207 338 2253 ¹auum
361 2205 530 2271 numquam
556 2202 676 2250 mutare
700 2185 820 2272 potuit.
848 2183 951 2274 Igitur
972 2187 1084 2252 decre·

242 2294 313 2362 tum
335 2274 377 2342 de
405 2274 527 2342 mundo
550 2271 722 2338 condendo
746 2277 955 2341 necessarium
979 2292 1030 2342 est
1052 2274 1083 2340 iu

239 2365 337 2445 Deo,
368 2363 425 2430 sed
449 2362 699 2516 hplpotheticam
725 2362 889 2428 dumtaxat
913 2363 1084 2430 necessita·

240 2471 305 2522 tem
332 2453 440 2520 habet.
506 2451 575 2515 ulus
598 2451 806 2516 distinctionis
826 2471 906 2517 usus
926 2453 1081 2518 iunximus

237 2563 311 2609 esse
327 2554 438 2625 potest
454 2541 485 2604 in
498 2537 658 2630 theologia
674 2541 822 2606 naturali.

287 2627 356 2699 IV.
402 2629 461 2693 Ex'
484 2629 551 2714 ipsa
582 2629 794 2696 mutabilitate
822 2627 875 2696 vel
905 2629 1084 2695 mutatione

236 2717 359 2782 *actuali
380 2731 487 2782 ueram
509 2717 587 2780 liniti
611 2717 773 2785 notionem
795 2717 925 2806 colligi,
955 2719 1085 2784 evidens

238 2815 301 2870 est.
331 2807 378 2874 At
401 2807 426 2872 ei
449 2825 503 2870 ens
525 2801 694 2869 limitatum
712 2851 721 2884 ,
737 2822 784 2880 ut
797 2805 894 2892 vulgo
915 2806 975 2885 fit,
1006 2804 1087 2872 defi-
1138 2879 1139 2888 ἵ

240 2895 372 2974 ulatur,
396 2892 489 2984 qued
498 2891 597 2960 habet
614 2891 738 2962 limites
745 2940 758 2977 ,
774 2894 825 2961 vel
840 2894 964 2958 finitum
971 2938 981 2974 ,
999 2891 1093 2984 qued
1127 2929 1139 2958 ι
