2300 3506
910 279 955 332 ΙΙΙ

282 344 507 428 AVCTOR
531 345 787 428 LECTORI.
905 347 1074 538 ’ἔξω

6 485 11 544 l

5 560 10 663 g
122 562 225 737 M
256 645 263 651 ,
923 549 1041 632 rer&

2 728 6 741 ,
121 739 129 752 .
227 655 315 732 irunt
340 656 477 732 fortasse
499 656 688 746 videbitur,
706 659 801 758 quod
825 659 858 736 in
881 649 1015 740 tan-ld
1030 647 1077 732 ’Ζ

1 753 8 903 l
121 782 155 836 ta
203 760 453 834 institutionum
495 761 804 858 philosophicarum
845 768 954 864 copia,

1 919 5 968 q
117 886 156 959 et
184 862 256 938 fere
285 863 391 937 dicam
420 861 593 952 satietate,
620 891 749 938 novum
776 893 862 964 opus
887 893 955 970 ego

119 963 309 1043 obtrudere
341 964 514 1060 audeam,
543 984 577 1040 et
615 967 788 1042 meliorem
820 969 955 1046 traden-

1 1117 2 1136 ἶ
118 1069 186 1166 dae
230 1066 469 1166 philosophiae
509 1068 673 1142 rationem
715 1069 809 1168 quasi
851 1072 955 1168 polli-

122 1172 216 1260 ceri,
247 1170 307 1270 qui
334 1169 473 1270 quidem
500 1171 750 1267 reprehensioni
776 1199 831 1248 me
858 1165 956 1252 facile

119 1274 369 1354 satisfacturum
394 1292 481 1368 puto
496 1327 510 1368 ‚
539 1275 565 1346 si
588 1275 690 1348 huius
717 1275 826 1372 operis
859 1303 955 1352 occa·

119 1381 252 1456 sionem
273 1397 307 1450 et
331 1401 472 1472 scopum
494 1401 671 1472 exponam.
700 1379 732 1451 Α
754 1377 956 1476 sapientissi-

119 1481 187 1555 mis
217 1477 484 1577 doctissimisque
505 1478 584 1554 viris
611 1505 708 1578 saepe
730 1481 872 1568 audivi,
902 1503 956 1556 et·

119 1583 275 1680 iamnum
317 1580 497 1656 desiderari
525 1581 682 1668 ,cultioris
719 1583 956 1682 philosophiae

120 1685 379 1775 institutiones,
415 1683 458 1758 ad
494 1683 679 1784 theologici
713 1683 817 1760 studii
855 1711 957 1762 nsum

128 1787 275 1861 maxime
295 1787 567 1862 accommodatas.
598 1791 729 1886 Neque
746 1786 882 1862 iniustas
905 1815 958 1864 es·

120 1915 166 1974 se
191 1889 271 1964 tales
296 1888 448 1990 querelas
469 1889 643 1990 iniquasve
674 1893 756 1964 haec
781 1891 956 1980 desideria,

127 1991 289 2069 fatebitur
316 1991 468 2093 quisquis
498 1992 614 2082 varia,
645 2021 733 2094 quae
761 1993 864 2068 hodie
896 2021 957 2070 ex·

127 2117 228 2184 tant,
268 2095 324 2172 vel
359 2093 477 2168 saltem
513 2122 602 2195 qnae
638 2095 720 2170 mihi
755 2117 834 2170 nota
865 2119 966 2191 sunt,·

127 2198 443 2298 philosophicorum
466 2223 609 2294 opernm
631 2225 753 2300 genera
775 2220 958 2294 percurret.

120 2284 175 2379 ,Ἐκ
201 2299 358 2398 primum.
379 2300 519 2399 quidem
541 2301 654 2374 eximii
682 2327 749 2390 non
776 2301 896 2376 desunt
925 2321 960 2378 et

117 2404 342 2479 ‘sublimiores
368 2403 593 2500 philosophici
617 2404 717 2490 libri,
744 2397 801 2474 sed
822 2430 872 2477 res
894 2403 961 2478 dif-

124 2501 312 2595 ficiliores,
341 2527 375 2580 et
392 2534 446 2581 eas
466 2509 656 2604 praesertim
673 2564 683 2595 ,
709 2531 797 2602 quae
812 2506 854 2578 ad
870 2508 961 2606 phy·

130 2611 232 2684 sicam
247 2629 416 2706 spectant,
430 2609 615 2687 continent.
632 2610 674 2684 Id
691 2609 853 2684 librorum
871 2615 962 2710 phy-

133 2712 386 2808 losophrcorum
424 2738 531 2812 genus
567 2716 800 2813 magistrorum
836 2713 961 2810 potins,

131 2842 236 2916 quarn
251 2836 414 2914 tyronum
439 2815 590 2889 manibus
606 2815 727 2888 versari
743 2816 842 2889 debet
861 2873 881 2905 ,,
901 2841 963 2890 ne·

130 2943 202 3018 que
240 2917 410 3016 frequenti
440 2918 555 2994 saltem
590 2920 782 2991 auditorum
821 2943 964 2991 numero

16 3051 19 3058 ’
123 3023 424 3112 ‚accommodatum
451 3043 513 3099 est.
544 3022 645 3096 Aliae
671 3017 901 3116 circumietur*

372 3177 705 3320 'ml‘l'ss

671 3451 769 3486 ,lla
