2270 3416
148 121 216 186 204
369 119 377 128 “
434 121 621 174 mertare.
645 121 776 172 matos.

146 209 252 260 menta
275 190 470 274 referemus,
492 211 525 260 et
547 195 661 262 deinde
681 212 877 260 concursum
897 192 1082 264 immedia-

145 299 216 349 tum
238 282 389 348 adiuncta
404 285 612 350 conclusione
638 284 856 350 ostendemus.

146 453 360 542 adferuntur
389 463 556 540 rationes,
587 463 706 550 quibus
738 433 914 550 probatur
958 483 1073 554 prae-

299 552 396 618 notio
414 549 745 708 phytipptucrrrzlpsrtus
766 549 895 618 liberos
972 555 974 557 ’

153 840 156 848 ·
210 812 348 882 Primum
371 836 603 908 argumentum.
630 817 670 885 In
691 817 814 884 actibus
840 817 966 886 liberis
982 861 994 896 ,
1009 815 1058 904 qui

145 903 224 970 vires
239 925 369 973 naturae
393 929 457 971 non
473 924 623 996 superant
631 955 643 987 ‚
655 910 803 974 voluntas
819 925 938 974 creata
955 925 1005 974 est
1013 911 1055 970 iu·

145 993 290 1080 differens
315 997 356 1060 ad
382 998 539 1085 agendum
561 998 612 1063 vel
634 1019 698 1062 non
725 995 912 1085 agendum.;
933 1015 1052 1086 ergose

143 1083 247 1172 ipsam
267 1082 477 1152 determinare
493 1107 557 1150 non
580 1105 688 1172 potest
709 1085 767 1150 nisi
791 1085 901 1150 aDeo
917 1085 1058 1172 physice

144 1191 402 1260 praemoneatur.
429 1175 516 1240 Nam
539 1195 634 1241 mens*
651 1195 716 1239 non
732 1192 838 1262 potest
855 1194 932 1239 sese
945 1175 1058 1238 deter-

144 1262 262 1330 minare
274 1260 330 1325 uisi
347 1279 419 1351 agat
435 1282 526 1330 :sese
542 1264 751 1330 determinate
770 1283 867 1352 agere
883 1279 938 1328 est
953 1287 964 1339 ;
980 1279 1048 1348 ergo

142 1349 171 1412 si
184 1371 216 1416 se
229 1350 331 1438 ipsam
348 1353 414 1416 sola
430 1353 496 1418 sine
511 1351 733 1441 praemorione
749 1350 887 1442 physica
905 1349 1052 1416 detexui·

143 1455 225 1516 net,
249 1441 417 1525 requiritur
443 1441 548 1506 adhuc
567 1441 626 1507 alia
647 1439 977 1529 praedeterminatio,
992 1459 1055 1526 qua

107 1565 110 1572 ι
142 1548 181 1596 se
192 1527 379 1595 determinet
394 1576 404 1609 ,
428 1545 483 1595 seu
496 1551 559 1616 qua
579 1551 651 1617 agat
665 1530 719 1595 tali
734 1530 844 1595 modo.
859 1529 963 1592 Circa
974 1527 1051 1590 itane

141 1619 315 1684 secundam
340 1619 659 1698 determinationem,
689 1637 777 1706 quae·
796 1639 870 1682 vera
888 1635 942 1682 est·
970 1617 1047 1682 actio

143 1703 243 1772 libera
259 1751 268 1784 ,
287 1706 397 1772 eadem
413 1723 459 1772 est
473 1705 664 1786 difficultas,
677 1725 710 1771 et
728 1709 770 1771 sic
785 1706 943 1791 deinceps
954 1705 989 1769 in
1004 1704 1052 1770 iu·

144 1793 278 1862 finitum.
295 1793 380 1884 Ergo
404 1816 532 1864 necesse
547 1815 614 1877 est,
628 1811 666 1859 ut
682 1796 781 1884 prima
796 1794 977 1860 voluntatis
992 1793 1052 1861 de·

143 1883 324 1952 terminatio
346 1883 521 1950 aDeosit.
722 1956 723 1960 ,
797 1963 799 1965 ¹

212 1971 452 2058 Respondent,
472 1995 537 2038 uon
563 1971 631 2040 dari
652 1972 685 2037 in
711 1989 815 2040 monte
835 1971 978 2038 humana
994 1972 1053 2040 de·

145 2059 382 2128 terminationes
399 2062 696 2130 determinationum
708 2065 738 2126 in
756 2063 915 2127 infinitum
931 2087 939 2124 t
955 2081 1049 2126 men·-

143 2166 209 2214 tem
228 2150 366 2238 gaudere
392 2155 536 2238 potentia
556 2173 621 2218 sese
636 2151 865 2218 determinandi
880 2173 952 2216 vere
969 2147 1052 2214 deti-

144 2259 187 2304 va
203 2284 214 2318 ,
240 2247 304 2327 qua'
323 2239 524 2329 semetipsam
539 2241 725 2308 determinat
740 2241 803 2306 sine
821 2240 880 2304 alia
894 2238 1044 2304 determi-

123 2340 125 2346 ’
144 2329 275 2394 natione
289 2330 413 2416 praevia
429 2373 438 2408 ,
454 2351 535 2416 quae
561 2325 767 2396 eamefficeret
782 2350 864 2394 mere
880 2327 1039 2417 passivam.

143 2411 260 2506 Itaque
280 2420 327 2482 1.⁰
340 2419 380 2482 ad
390 2417 513 2484 'bonum
527 2419 699 2507 generatim
721 2417 881 2483 tendimus
898 2439 1045 2483 necessa·

143 2506 204 2572 rio.
238 2507 296 2570 11.⁰
322 2505 497 2573 intellectui
514 2566 516 2573 .
534 2507 727 2572 obiiciuutur
758 2504 843 2570 bona
869 2507 1042 2594 singularia,

145 2614 227 2681 quae
246 2615 345 2682 quum
367 2617 432 2660 uon
458 2598 517 2660 sint
541 2615 694 2661 summum
709 2595 829 2659 bonum
847 2597 1041 2674 ,necessario

143 2704 208 2746 uon
222 2683 442 2748 determinant.
465 2685 538 2748 111.⁰
554 2684 761 2750 consideratis
780 2685 839 2748 illis
854 2683 945 2748 bonis
959 2706 1042 2750 mens

143 2770 185 2835 ad
198 2793 234 2834 ea
249 2771 471 2858 prosequenda
492 2773 543 2838 vel
557 2772 734 2838 omittenda
748 2774 950 2858 semetipsam
963 2773 1041 2837 acti-

142 2877 183 2922 ve
198 2859 410 2936 determinat,
436 2862 523 2924 cuius
551 2861 925 2927 determinationis'vera
950 2881 1040 2929 cansa
1123 2909 1124 2940 ,

166 2961 192 2998 ‘t
217 2946 286 3032 ipsa
305 2947 420 3010 mentis
441 2949 534 3012 actio.
549 2949 579 3012 Si
604 2949 725 3021 valeret
738 2969 957 3038 argumentum
972 2971 1037 3036 pro·
1123 2951 1124 2956 ’

210 3030 354 3121 'sumit
368 3049 540 3124 systemate
561 3039 788 3126 praemoriouis
812 3038 968 3132 physicae
980 3057 1033 3106 nr-
