2298 3418
217 161 301 210 tans
322 159 380 210 nt.
406 156 572 244 apolone.
597 153 674 212 car.
698 165 740 214 ιι.
838 167 898 242 2⁹5

54 234 283 313 terminatum,
313 233 358 298 ita
385 252 420 298 ur
448 237 567 322 logicae
596 237 711 324 regulis
732 257 814 324 opus
838 239 901 306 ha.

52 322 129 390 beat
144 368 154 402 ,
169 323 211 387 C.
233 368 243 401 ,
271 341 304 389 et
335 325 579 388 determinatum
601 345 677 404 est,
701 329 744 392 ita
768 341 804 392 ut
820 327 900 418 logi·

51 435 110 478 cae
122 411 238 500 tegulis
253 433 338 499 opus
356 416 473 476 nonsit
490 459 501 489 ,
525 411 569 476 N.
587 457 597 490 ‚
623 436 723 502 quare
741 415 787 480 N.
804 437 895 484 cons.

15 567 16 570 ,
50 503 208 572 Veritatis
233 502 396 566 criterium
419 501 622 566 constituunt
655 505 752 592 aliqui
783 506 816 572 in
842 509 901 574 isra

51 592 273 678 propositione
288 613 298 668 ς
313 587 482 678 quidquid
497 586 588 655 clare
605 605 637 654 et
652 591 812 659 distincte
821 603 902 684 per-¹

49 684 172 768 cipitur
199 723 209 758 ,
237 699 350 744 verum
373 695 447 756 cst,
472 699 526 744 seu
545 677 634 766 quod
665 680 746 747 idern
765 701 838 758 etl,
867 684 899 752 in

48 769 116 856 ipsa
142 767 321 835 evidentia.
340 766 489 846 Verum,
511 785 546 831 ut
572 769 632 831 iam
657 788 750 836 antea
766 775 899 840 monui-

48 879 146 937 mus,
172 858 250 922 satis
269 856 512 923 determinatum
534 877 598 918 non
627 873 674 921 est
698 857 781 924 illud
807 864 898 927 veri-

48 950 117 1012 taris
146 946 325 1012 criterium.
354 945 451 1011 Clara
478 944 642 1032 perceptio
667 945 735 1012 sive
761 947 896 1016 eviden-

49 1039 90 1100 tia
115 1036 149 1097 in
170 1033 257 1100 dato
270 1032 414 1120 quolibet
441 1053 514 1098 casu
539 1055 596 1120 per
621 1036 743 1122 regulas
769 1035 897 1124 logicae

49 1124 211 1211 applicari
238 1122 343 1190 debet.
379 1120 431 1188 Ita
462 1143 577 1208 nempe
610 1125 897 1214 argumentandum

50 1231 100 1279 est
117 1238 127 1276 ·.
144 1210 233 1301 quid
253 1211 313 1277 uid
324 1208 415 1278 clare
440 1226 472 1275 et
488 1209 645 1277 distincte
665 1217 800 1302 percipi
816 1231 899 1304 pot·

50 1317 126 1379 ert,
144 1297 212 1365 rllu
260 1315 309 1366 ert
331 1321 468 1375 oerum
493 1297 557 1364 red
579 1298 636 1364 hoc
654 1300 794 1369 clareat
821 1303 900 1370 dir·

51 1393 156 1456 tinere
178 1391 316 1477 percipi
333 1403 476 1476 potest.-
506 1407 581 1475 ergo
611 1388 667 1454 hoc
696 1406 746 1457 est
769 1411 898 1472 orrum

54 1477 83 1542 id
105 1493 225 1544 autem
249 1477 284 1540 fit
311 1499 368 1565 per
396 1475 521 1567 tegulas
537 1476 669 1564 logicae.
849 1557 853 1566 ¹

113 1564 205 1632 Inst.
245 1563 335 1631 Illud
366 1585 431 1630 non
470 1580 517 1630 ert
553 1563 693 1631 veritatis
732 1566 903 1645 criterium,

51 1654 140 1744 quod
172 1657 241 1724 alio
271 1657 399 1720 criretio
414 1652 562 1742 indiget3
591 1651 678 1740 atqui
701 1651 822 1742 logicae
848 1675 903 1719 re·-

55 1747 146 1831 gulae
169 1747 238 1815 alio
266 1741 410 1832 indigent
437 1741 578 1821 ueritatis
606 1741 736 1807 criterio
756 1787 766 1820 ,
788 1763 903 1828 nempe

53 1835 92 1898 ad
127 1831 399 1902 demonstrandas
435 1831 557 1918 logicae
591 1830 713 1918 regulas
740 1851 824 1919 opos
855 1847 902 1899 est

54 1921 248 1999 evidentiae
267 1942 344 2010 ergo
369 1921 495 2008 regulae
520 1920 642 2006 logicae
653 1921 718 1986 non
731 1937 808 1986 eunt
829 1919 904 1988 suf·

52 2011 159 2079 liciens
189 2013 336 2078 ueritatis
364 2009 534 2076 criterium.
570 2007 672 2094 Resp.
706 2009 791 2074 dist.·
813 2011 903 2090 mini,

51 2121 130 2186 opus
158 2121 215 2168 est
237 2099 427 2175 evidentia,
449 2117 530 2184 quae
555 2094 672 2162 deinde
697 2117 754 2184 pet
779 2097 902 2190 logicae

51 2189 177 2276 regulae
209 2187 365 2280 applicari
393 2185 531 2264 debeat,
545 2184 586 2248 C.
606 2227 616 2260 ,
646 2201 734 2270 quae*
752 2183 823 2272 ipsa
837 2207 902 2274 ap-

52 2279 169 2364 plicari
194 2270 263 2350 uon
289 2275 454 2364 indigeat,¹
475 2273 521 2337 N.
535 2271 651 2338 Omnis
669 2271 838 2336 difficultas
865 2291 904 2344 e*-

52 2367 205 2434 vanescit
226 2411 237 2450 ,
261 2367 287 2434 si
315 2363 508 2452 quaestionis
535 2376 638 2426 statos
662 2361 719 2426 tite
744 2361 905 2450 intelliga-

51 2471 121 2522 tur.
149 2453 213 2521 Hic
243 2477 309 2521 non
332 2455 452 2542 agimus
474 2467 586 2515 contra
608 2470 693 2531 eos,
720 2448 813 2537 siqui
836 2470 905 2518 um-

52 2563 155 2628 quarn
185 2539 337 2622 fuerint,
368 2542 428 2630 qui·
457 2537 836 2609 certitudinemomoem
861 2538 904 2608 de
1002 2539 1003 2548 ’

53 2632 158 2698 medio
188 2632 378 2710 tollebant,
415 2630 587 2712 omniaque
621 2628 654 2692 in
686 2629 811 2694 incerto
840 2649 906 2716 po.

54 2720 112 2784 sita
140 2739 209 2788 esse
225 2719 438 2788 affirmabant.
463 2715 580 2806 ltaque
605 2715 823 2790 admittendas
839 2739 907 2786 esse

55 2807 208 2894 ponimus
226 2809 471 2898 propositiones
497 2805 659 2871 evidentes
685 2820 717 2870 et
743 2803 910 2870 indubita-

56 2912 140 3048 ‘²³5
171 2919 254 3052 quale
286 2898 375 2966 nullo
402 2895 564 2981 indigeant
592 2892 732 3042 equitatis
769 2893 910 2972 criterio,

135 3003 197 3051 om.
244 3029 253 3048 ο
653 3018 655 3020 ·
778 3003 781 3012 ’
839 3001 842 3008 '
