2300 3506
165 130 167 142 ⁴
201 160 242 226 54
434 153 628 202 rnsntrvr.
653 153 789 205 tarsos.
835 169 851 210 ‚-

195 227 343 296 existete.
372 224 467 290 Hanc
492 243 598 292 aurem
629 223 733 292 ideam
761 243 825 293 non
859 222 964 289 solnm
983 233 1037 290 ,ex-

196 338 302 383 rerum
327 335 553 402 corporearum
588 313 841 388 consideratione
871 311 1040 380 deducere

196 425 255 492 per
271 402 516 468 abstractionem
532 423 700 488 possumus
716 445 725 480 ,
747 400 801 474 sed
816 401 937 470 etiamsi
954 403 1035 466 nul-

196 493 228 558 la
246 513 314 558 esse
339 511 476 578 corpora
499 491 669 580 tingeretur
685 533 709 568 „
724 490 805 562 bano
825 492 906 556 entis
928 490 1040 556 ideam

197 578 332 646 formate
350 599 516 664 possumus
533 601 570 646 ex
586 581 692 644 intima
709 579 928 666 operationum
945 599 1038 644 rnen*

197 670 240 734 ris
271 687 398 736 nostrae
428 667 641 748 conscientia,
670 670 734 736 sine
760 667 823 734 uila
851 669 894 735 ad
916 683 1040 756 corpus.

198 759 361 826 relatione.
1036 787 1040 794 ·

265 845 345 912 Inst,
364 866 392 910 r.
406 842 503 932 Nihil
507 857 566 910 est
580 847 615 910 in
626 841 823 924 installat-tu,
839 843 1038 934 quodprr‘ur

200 955 262 1002 nnn
273 933 384 1018 fuerit
410 937 444 998 in
466 955 585 1012 sensu,
615 949 652 998 ut
674 933 803 1018 vulgare
824 932 885 1000 fert
907 933 1039 1000 schola-

200 1045 270 1090 rnm
299 1024 452 1096 axioma;
484 1043 559 1110 ergo
586 1021 674 1088 ideae
701 1043 835 1102 omnes,
864 1045 900 1088 ac
928 1025 1038 1108 proin·

201 1111 241 1180 de
265 1131 296 1178 et
319 1112 389 1178 idea
411 1110 492 1177 entis
513 1110 683 1197 generatim
703 1111 820 1198 pendet
840 1132 858 1174 a
881 1111 1036 1176 sensibus.

202 1196 304 1288 Resp.
327 1199 402 1265 dist.
425 1215 491 1262 ant.
513 1198 604 1262 Nihil
618 1218 664 1264 est
680 1199 711 1269 in
727 1201 917 1277 intellectu,
945 1197 1039 1286 quod

202 1290 289 1378 prins
313 1309 376 1352 non
398 1283 493 1352 fuerit
514 1287 545 1350 in
567 1308 660 1354 sensu
675 1305 836 1366 externo,
868 1289 918 1354 vei
939 1290 1039 1354 intet-

202 1397 244 1442 no
258 1423 271 1456 ,
296 1377 336 1440 C.
364 1394 454 1454 ant,
482 1376 512 1443 in
539 1395 632 1440 sensu
654 1395 778 1443 tantum
794 1394 957 1455 externo,
985 1375 1038 1442 N.

201 1484 267 1530 ant.
297 1460 364 1530 Iam
378 1461 600 1542 ostendimus,
629 1463 792 1554 duplicem
809 1485 876 1532 esse
896 1465 1039 1532 idearum

202 1555 352 1643 originem
367 1603 379 1634 ,
406 1575 530 1620 sensum
546 1571 712 1621 externum
726 1599 737 1632 ,
760 1575 827 1641 quo
843 1573 949 1620 terum
964 1576 1040 1620 cor·

203 1662 371 1730 porcarum
400 1641 484 1708 ideas
509 1643 698 1730 acquirimus
725 1659 757 1708 et
784 1661 909 1708 sensum
934 1643 1038 1710 inter-2

204 1751 304 1807 num,
330 1752 395 1817 qno
422 1753 480 1817 per
507 1731 618 1795 mentis
646 1729 853 1797 attentionem
883 1753 920 1797 ac
949 1733 1042 1798 refle-

205 1821 333 1884 xionem
349 1821 379 1884 in
395 1815 543 1908 proprias
565 1821 790 1905 operationes,
820 1841 922 1886 retum
942 1821 1042 1910 spiri-

202 1909 334 1973 tualium
363 1908 448 1972 ideas
475 1929 705 1986 comparamus.
781 1925 788 1936 '

270 1993 351 2060 Inst.
376 2015 407 2060 2.
429 1996 532 2083 Atqui
551 1994 626 2060 nihil
639 1997 728 2062 estin
743 1995 926 2075 intellecto,
952 1997 1042 2083 quod

230 2083 291 2150 rins
314 2105 378 2148 non
396 2081 491 2150 fuerit
513 2086 543 2148 in
566 2105 657 2150 sensu
678 2102 812 2151 externo
834 2111 842 2150 r
874 2107 950 2174 ergo
966 2087 1044 2150 nnl-

203 2104 234 2238 11
250 2192 297 2238 est
310 2173 441 2238 solutio.
460 2171 555 2238 Prob.
569 2172 768 2260 subsumpta.
788 2172 872 2238 Illud
885 2179 970 2262 prius
983 2173 1043 2242 fuit

205 2259 236 2324 in
257 2255 350 2328 sensu
368 2280 529 2338 externo,
559 2261 649 2348 quod
670 2262 795 2328 anobis
814 2285 878 2333 non
899 2283 1044 2354 cognos-

203 2348 310 2429 citur,
334 2351 389 2420 oisi
407 2373 464 2438 per
478 2352 751 2438 comparationem
765 2374 838 2416 cum
856 2349 948 2418 rebus
964 2373 1043 2416 cor-

205 2441 335 2526 poreisr
364 2439 453 2525 atqui
473 2460 520 2504 res
539 2440 711 2524 spirituales
727 2463 791 2503 non
806 2443 1043 2530 cognoscimus,

204 2525 261 2594 nisi
292 2548 350 2616 per
388 2527 592 2614 collationem
623 2551 695 2596 cnm
731 2530 825 2596 rebus
865 2529 1043 2616 corporeis:

205 2636 237 2678 r.
266 2639 298 2704 g.
327 2617 434 2682 Deum
457 2617 516 2682 sub
537 2617 674 2707 imagine
691 2619 861 2684 venerandi
883 2624 962 2684 senis
979 2641 1045 2682 no-

199 2701 252 2790 bis
279 2722 575 2792 repraesentamus:
608 2729 685 2794 ergo
706 2705 785 2774 nihil
807 2726 855 2772 est
887 2708 916 2772 in
947 2708 1044 2772 intel·

146 2806 149 2812 ’
203 2792 314 2872 iectu,
345 2796 432 2880 quod
450 2796 536 2882 prius
551 2815 615 2858 non
631 2793 722 2861 fuerit
738 2797 769 2862 in
786 2817 877 2864 sensu
895 2814 1042 2863 externo.

203 2878 302 2970 Resp.
329 2882 375 2950 N.
402 2883 478 2951 min.
507 2884 639 2956 Verum
655 2885 785 2976 quidem
799 2905 875 2968 est,
906 2902 1044 2954 mentem
