2258 3428
236 180 277 248 72
448 141 670 228 ¹·1rtsrtnvu.
687 178 826 228 tutans.
889 185 892 192 ·

230 267 319 314 extra
339 269 398 314 nos
419 252 557 316 sensibus
578 255 731 330 externis,
752 269 784 317 et
807 251 889 314 intra
910 263 967 310 nos
989 263 1066 308 seu·
1114 319 1115 326 p

228 359 264 401 su
289 339 414 403 interno
446 342 658 427 percipimus,
685 357 759 404 sunt
788 335 962 424 singularia.
982 331 1065 396 Ete-
1114 345 1115 414 ζ

227 427 293 490 nim
320 428 503 494 universalia
525 431 556 494 in
581 427 786 517 singularibus
810 429 976 492 dumtaxat
1003 441 1065 486 ex-

130 525 135 534 '
231 514 327 580 istere
352 534 503 602 possunt,
533 535 565 582 et
600 517 756 605 quidquid
791 513 921 590 existit,
955 511 1068 597 singu·

231 602 297 674 lare
311 621 358 668 est
374 649 384 683 ,
398 627 436 670 ac
454 605 586 690 proinde
600 605 746 671 notiones
761 624 870 670 omnes
884 646 896 680 ,s
907 621 985 687 quas
1009 618 1068 684 pet
1114 609 1115 630 ¹

233 707 404 778 utrumque
431 715 553 760 sensum
578 687 810 782 adquirimus,
828 709 901 758 sunt
925 687 1068 774 singula-

232 801 293 848 res.
320 777 418 869 Igitur
441 785 583 848 notiones
605 785 819 860 universales,
846 798 923 865 quas
951 775 1068 840 deinde

131 931 133 934 .
232 889 473 954 comparamus,
496 893 537 957 ex
560 870 743 937 notionibus
766 865 978 958 singularibus
994 879 1069 926 sunt
1114 865 1115 926 ζ

233 955 401 1028 deductae.
424 957 504 1026 Illae
527 978 631 1026 autem
645 962 789 1026 notiones
803 954 992 1024 universales
1008 951 1068 1028 de,-
1114 949 1115 998 ἶ

233 1044 307 1111 duci
339 1069 403 1111 non
431 1067 565 1134 possunt
593 1072 632 1116 ex
661 1048 881 1137 singularibus,
911 1044 973 1109 nisi
1013 1062 1068 1126 pet
1114 1067 1115 1106 3

235 1133 491 1202 abstractionem.
511 1137 553 1202 Et
574 1137 702 1226 quidem
715 1139 804 1202 notio
818 1134 931 1222 speciei
946 1130 977 1196 id
993 1145 1069 1192 tan·
1114 1127 1115 1182 ἕ

220 1221 306 1288 'rum
335 1242 567 1308 repraesentat,
596 1226 684 1312 quod
716 1227 854 1314 plurium
884 1214 1070 1286 individuo·
1114 1229 1115 1244 ¹

235 1327 302 1376 tum
324 1311 445 1375 notioni
467 1335 636 1383 commune
661 1333 725 1390 est,
747 1337 784 1402 ac
808 1310 941 1399 proinde
957 1307 997 1373 ab
1023 1307 1068 1370 iu·
1114 1303 1115 1312 ¹

236 1397 438 1466 dividuorum
460 1403 639 1468 notionibus
661 1403 775 1470 deduci
795 1423 858 1466 non
881 1413 989 1486 potest
1013 1412 1069 1458 no·
1114 1431 1115 1490 3

178 1543 179 1548 ,
236 1488 280 1552 tio
307 1489 438 1572 speciei,
464 1493 522 1556 nisi
557 1516 575 1557 a
610 1489 948 1566 determinationibus,
986 1503 1068 1571 quac
1114 1503 1115 1570 t

237 1575 400 1659 individua
427 1582 646 1659 constituunt,
681 1579 712 1645 id
752 1595 939 1666 separetur,
980 1571 1068 1660 quod
1114 1623 1115 1640 2

238 1665 379 1750 pluribus
409 1667 577 1734 individuis
608 1678 774 1735 commune
805 1685 862 1732 est.
895 1661 963 1728 Iam
994 1680 1068 1726 vero

239 1753 317 1818 datis
339 1755 522 1824 notionibus
544 1761 716 1840 specierum
739 1755 889 1820 formatur
911 1750 1002 1817 notio
1019 1771 1067 1838 ge·

138 1895 141 1902 .
239 1843 350 1918 neris„
367 1844 542 1928 separando
562 1846 612 1920 id,
639 1845 728 1933 quod
750 1844 892 1929 pluribus
907 1837 1068 1926 speciebus

240 1950 407 2002 commune
431 1948 495 2010 est,
521 1932 858 2009 velsiiisonrittendo
872 1977 882 2008 ,
920 1950 1003 2013 quae
1042 1925 1070 1986 in

229 2030 302 2081 'una
323 2021 425 2102 specie
446 2018 664 2088 determinata¹
679 2039 770 2100 sunt,
800 2022 862 2086 hoc
887 2036 941 2084 ‘est
952 2065 964 2094 ,
994 2034 1072 2102 quae

240 2105 321 2180 illam
356 2111 492 2193 speciem
526 2109 566 2175 ab
603 2111 663 2174 alia
693 2109 837 2198 qualibet
863 2105 1069 2194 distinguunt.

241 2191 366 2258 Eodem
383 2197 517 2262 ‘artificio
536 2192 686 2265 notiones
709 2203 903 2282 superiorum
926 2213 1072 2282 generum
1114 2201 1115 2276 ᾗ

241 2302 295 2346 νει(λ
316 2284 496 2350 notionibus
531 2285 712 2353 inferiorum
739 2288 930 2352 derivantui.
959 2283 1072 2346 Excm·
1114 2339 1115 2342 ,

242 2369 332 2458 plum
353 2374 479 2442 ,addere
504 2397 578 2442 non.
598 2377 661 2442 abs
683 2399 716 2442 te
744 2378 822 2454 erit,
846 2389 883 2436 ut
909 2371 1074 2438 notionum

242 2457 465 2526 universalium
501 2463 586 2530 ordo,
620 2481 653 2530 et
695 2465 787 2530 series
827 2463 1073 2527 demonstretur.
1114 2535 1115 2538 Ἴ

242 2545 351 2624 Quum
378 2551 416 2615 de
439 2551 567 2618 Socrate
589 2555 787 2642 cogitamus,
812 2553 900 2616 notio
914 2571 996 2631 quae
1011 2567 1074 2608 no·
1114 2627 1115 2634 ἵ

243 2632 291 2699 bis
329 2659 475 2722 praesens
515 2661 585 2719 est,
613 2643 742 2709 unicum
771 2639 1076 2721 determinatumque

247 2719 402 2809 hominem
429 2747 653 2815 repraesentat.
679 2729 771 2794 Arsi
798 2731 961 2792 notionem
976 2727 1075 2813 ipsam

246 2811 281 2876 iis
303 2815 447 2882 omnibus
468 2838 619 2882 exuamus
641 2815 900 2894 circumstantiis,
918 2834 973 2897 per
996 2829 1072 2897 quas
1114 2819 1115 2850 ³

153 2903 156 2916 ¹
243 2901 450 2972 Socrates'ab
472 2905 533 2972 alio
555 2907 698 2996 quolibet
718 2905 882 2974 individuo
905 2895 1076 2990 distingui-
