2298 3418
248 165 341 232 aaut,
354 167 378 214 ι.
403 165 563 216 neuneu.
584 163 668 230 ont.
684 165 738 214 ιν.
871 153 922 242 ⁶5,

71 240 133 312 niti
149 236 315 307 notionem
329 237 570 326 explicabimus·
599 235 781 316 Quodlibet
795 259 858 308 ²¹¹⁸·
872 235 914 310 fi.

4 373 14 413 μ
69 333 177 406 nitunt
199 329 291 396 variis
313 323 541 399 mutationibus
564 324 831 412 obnoxiumesse
852 321 913 418 po}

4 461 15 504 p
71 437 151 486 test.
177 413 215 482 In
240 439 279 484 eo
304 416 388 483 eninr
408 415 579 502 concipere
602 416 675 480 licet
700 421 813 482 modos
839 421 913 508 plu.

4 551 11 592 'r

73 507 195 585 simos,
223 510 276 594 qui
293 506 406 572 adesse
421 522 453 570 et
475 499 582 570 ibesse
605 520 753 591 possunt.
782 507 914 580 Verum

71 597 146 684 quia
167 595 253 660 modi
274 594 372 684 aliqui
395 592 461 658 aliis
487 609 561 660 sunt
577 594 751 672 contrarii,
780 596 912 666 evidens

4 731 5 748 .
72 701 142 765 est,
167 683 283 750 modos
306 684 377 748 illos
394 703 504 748 omnes
526 681 617 748 simul
637 704 704 749 esse
725 703 789 763 non
805 705 912 772 posse,

68 794 108 838 ac
134 771 272 860 proinde
297 794 351 838 ens
374 771 497 836 finitum
520 787 621 836 status
647 792 755 838 omnes
774 774 914 858 possibi-

67 861 115 928 les
141 862 232 928 simul
255 860 372 926 habere
397 859 535 946 nequit,
562 859 618 925 sed
642 863 830 928 successive.
856 862 910 934 Ita

44 973 46 980 ’
67 973 97 1016 e.
115 972 146 1038 g.
163 949 244 1039 lapis
258 949 381 1016 calidus
394 969 460 1014 esse
476 966 582 1036 potest
598 967 652 1014 aut
669 946 824 1036 frigidus,
854 953 913 1024 sed

66 1039 191 1104 calidus
219 1055 251 1104 et
275 1035 405 1126 frigidus
437 1036 530 1102 simul
558 1057 624 1102 esse
655 1038 777 1125 nequit.
806 1035 912 1128 Igitur

66 1146 127 1192 ens
140 1123 278 1209 finitum
297 1126 426 1192 delinire
449 1145 642 1213 possumust
667 1129 701 1190 in
726 1119 912 1216 quaomnia

68 1211 265 1280 simulem
293 1237 331 1281 ne
357 1229 481 1294 urunt,
509 1235 595 1303 quae
619 1211 724 1278 eidem
751 1230 830 1280 actu
854 1222 911 1298 ing·

64 1324 142 1368 esse
161 1318 309 1391 possunt.
370 1305 554 1368 tcontratia
576 1303 698 1368 tatione
723 1324 777 1368 ens
799 1303 910 1392 infini-

65 1406 139 1458 tum
156 1409 263 1478 potest
279 1392 421 1458 definiti:
450 1395 483 1458 in
497 1405 559 1481 qn‘o
572 1405 648 1458 sunt
660 1393 769 1474 omnia
784 1438 796 1470 ,
822 1387 909 1484 qnae

69 1477 179 1548 eidem
191 1495 268 1546 ar‘tu
284 1484 388 1547 inesse
399 1494 549 1567 possunt.
918 1480 920 1486 ’

109 1564 160 1634 II.
206 1568 315 1648 Quum
337 1572 368 1634 in
389 1584 461 1634 ente
485 1568 605 1632 infinito
631 1563 722 1630 simul
746 1566 807 1631 sint
834 1589 905 1634 om·

65 1654 144 1735 nia,
175 1679 258 1744 quae
284 1657 384 1723 inesse
409 1677 565 1743 possunt,
593 1654 680 1719 nulla
705 1654 736 1718 in
764 1677 803 1720 eo
830 1651 907 1726 actu

65 1741 232 1812 mutabilia
255 1763 340 1810 sunt.
371 1745 428 1810 Pet
449 1744 612 1810 mutabilia
634 1742 835 1834 intelligimus
856 1746 907 1830 ea,

65 1855 154 1920 quae
171 1846 245 1900 a'ctu
263 1846 426 1901 mutantur
442 1858 453 1910 ς
483 1833 645 1900 nonenim
662 1853 842 1922 repugnat,
870 1860 909 1905 ea

61 1923 169 1988 inesse
182 1969 194 2003 ,
225 1947 309 2012 quae
325 1923 405 1991 inse
422 1921 582 1987 mutabilia
596 1938 679 1987 sunt.
709 1921 794 1990 Hinc
809 1925 906 1990 colli-

61 2012 178 2100 gitur,
205 2013 270 2098 enti
287 2011 407 2076 infinito
421 2011 525 2076 nullos
539 2011 639 2076 inesse
654 2011 767 2074 modos
784 2037 793 2088 ;
819 2010 907 2082 modi

61 2099 151 2166 enim
186 2119 261 2166 actu
292 2099 457 2166 mutabiles
490 2117 575 2166 tunt.
611 2097 780 2185 Quidquid
812 2103 905 2189 igitur

60 2189 132 2254 enti
164 2188 287 2254 infinito
313 2191 426 2268 inest,
459 2186 491 2252 id
521 2187 655 2274 pertinet
681 2185 724 2250 ad
756 2185 933 2262 attributa'

60 2278 272 2356 essentialia,
301 2295 357 2344 aut
383 2276 406 2342 si
431 2275 511 2363 quid
534 2275 631 2353 insit,
660 2275 770 2354 quoad
792 2281 906 2346 modos

59 2365 229 2454 pertinere
243 2366 411 2445 videatur,
438 2365 472 2430 id
487 2363 586 2428 instar
601 2357 743 2427 attributi
757 2366 846 2428 inest.
875 2368 908 2434 Si
923 2363 925 2370 ’

59 2453 192 2538 aliqrrid
211 2455 255 2519 ita
272 2476 304 2520 se
320 2453 460 2532 lrabeat,
489 2471 524 2516 ut
543 2452 622 2515 illius
638 2452 825 2538 oppositum
842 2455 909 2520 enti

60 2542 191 2608 infinito
216 2544 397 2632 simpliciter
422 2561 453 2608 et
479 2541 627 2606 absolute
646 2560 712 2602 non
742 2536 909 2631 repugnet,

59 2631 150 2698 illud
176 2649 282 2700 tamen
307 2650 382 2697 actu
410 2631 509 2696 inesse
536 2647 724 2718 repugnet,
753 2631 793 2718 id·
812 2632 928 2716 instat

61 2716 212 2786 attributi
241 2722 349 2799 inest,
378 2719 520 2807 quamvis
545 2719 587 2784 ad
613 2718 726 2794 nodos
752 2722 909 2810 pertinere

58 2809 225 2876 videatur.
257 2807 306 2873 lta
322 2830 352 2871 v.
370 2830 399 2896 g.
429 2808 518 2874 Deus
533 2807 630 2874 libere
646 2805 800 2894 muudum
815 2831 909 2876 crea-

49 2899 111 2963 ‘vit
128 2941 138 2976 ,
168 2895 306 2984 ideoque
319 2896 471 2964 absolute
483 2896 556 2962 Deo
568 2915 633 2960 non
649 2901 838 2986 repugnavit
850 2900 908 2966 dt·

108 2983 201 3052 Tom-
217 2983 249 3053 Ι.
578 2989 628 3049 Aa
730 3003 735 3011 ·
