2264 3420
258 115 346 162 rsus
362 118 395 166 11
416 119 575 166 nussim.
597 115 672 166 cnr.
693 119 739 165 tt.
815 165 819 172 ,
892 101 938 188 ⁸9.

27 197 75 256 ,et
95 185 313 250 artificiorum
331 189 585 274 opeextenditur
604 205 699 272 atque
718 203 930 278 comparatur.

37 273 212 338 Memoria
237 273 386 364 distingui
410 279 489 342 solet
505 299 522 342 a
537 282 786 343 reminiscentia.
804 279 932 366 Nempe

31 367 299 450 perceptionum
317 369 580 451 praeteritarum
601 365 749 430 mediata
769 375 932 454 reproein-

22 451 107 522 :ctio
134 467 169 515 et
193 456 375 540 recognitio
396 453 510 522 dicitur
532 455 781 520 reminiscentia.
796 456 826 517 Si
845 477 932 519 nem·

35 558 80 622 pe
95 539 137 602 'ad
155 539 414 604 circunstantiae
439 541 525 621 loci,
551 541 699 628 temporis
724 563 835 630 resque
857 543 931 608 alias

25 626 87 689 vel
103 627 226 694 similes
244 647 303 693 aut
317 631 450 708 adfines,
467 631 516 696 rel
531 631 701 696 contrarias
715 631 929 710 attendamus,

21 731 71 775 ut
98 737 169 780 rem
201 718 347 806 aliquam
369 739 629 808 recognoscamus
637 742 647 798 3
669 735 744 784 tuuc
765 723 932 787 reminisci

34 799 191 867 dicimur.

18 935 20 945 ι
81 889 196 958 Vlll.
246 893 302 960 Ad
318 893 401 959 hunc
418 895 523 958 locum
539 896 815 984 pertinere.potest
831 919 928 984 quae·
1021 898 1025 906 ’

17 1021 22 1038 ..
35 977 123 1054 stio,
142 998 256 1046 utrum
273 983 393 1050 scilicet
408 982 549 1049 homines
569 995 677 1048 omnes
694 983 725 1046 in
740 981 929 1068 profundis-

17 1111 21 1123 .
39 1066 122 1130 simo
137 1071 237 1134 etiam
252 1093 364 1135 somno
377 1093 499 1158 semper
510 1071 628 1156 aliquid
643 1071 835 1157 percipiant,
853 1094 929 1137 sua-

42 1173 187 1241 rumque
206 1161 450 1248 perceptionum
465 1160 524 1226 sibi
541 1162 654 1224 couscii
677 1161 754 1238 sint,
778 1161 849 1224 licet
864 1181 929 1224 co·

17 1289 19 1296 ,
43 1241 243 1328 gitatiouum
260 1249 381 1313 illarum
398 1250 543 1314 memoria
559 1271 621 1312 uon
636 1266 802 1314 remaneat.
821 1248 857 1313 ln
870 1249 928 1314 haic

42 1336 241 1414 quaestione
259 1338 466 1425 ignorantiam
483 1355 618 1401 nostram
634 1338 763 1425 ingenue
784 1334 928 1404 fatemur.

42 1414 87 1482 Et
102 1422 243 1506 quidem
262 1429 394 1492 animam
409 1444 564 1514 perpetuo
585 1427 724 1515 cogitare
743 1446 846 1510 neque
867 1441 938 1492 eat-⁹

44 1511 201 1590 perientia
229 1515 331 1598 neque
360 1516 479 1578 ratione
506 1513 631 1600 probati
660 1529 776 1599 putests
797 1513 928 1600 Propria

44 1596 181 1679 quidem
197 1601 395 1668 conscientia
410 1604 540 1688 quisque
554 1600 773 1680 convincitur,
783 1621 836 1679 se,
850 1603 941 1667 dum'

47 1684 155 1771 vigilat
180 1709 239 1753 aut
264 1691 420 1767 somniat,
446 1692 602 1778 cogitare3
628 1711 664 1752 ac
686 1691 820 1776 proinde
844 1713 927 1774 cone

50 1770 247 1842 cludendum
265 1795 337 1857 est,
358 1799 480 1866 semper
496 1776 584 1842 nobis
600 1779 699 1844 inesse
714 1780 870 1868 cogitandi
887 1777 940 1844 fa··'

52 1861 230 1952 cultatem,
245 1867 288 1930 At
312 1885 418 1934 utrum
441 1865 471 1930 id
481 1912 491 1941 ,
513 1867 602 1953 quod
617 1869 646 1930 iu
663 1866 753 1932 nobis
768 1869 926 1958 vigilanti-

51 1943 110 2012 bus
126 1955 158 2018 et
175 1954 407 2020 somniantibus
423 1957 559 2042 cogitat,
580 1975 634 2020 seu
652 1957 752 2020 anima
768 1957 797 2019 in
815 1958 928 2020 arctis·
955 2011 969 2022 ..

52 2036 133 2103 timo
163 2045 257 2108 etiam
285 2064 398 2108 somno
424 2063 546 2128 semper
573 2043 714 2130 cogitet,
741 2047 883 2132 quamvis
909 2065 928 2110 a

32 2139 171 2193 'somno
194 2132 319 2197 excitati
342 2130 455 2194 nullam
481 2131 588 2193 harum
611 2131 837 2218 cogitationum
859 2155 928 2198 me-

57 2218 189 2282 moriam
213 2218 399 2296 habeamus3
424 2219 484 2282 hoc
505 2219 605 2303 ipsum
628 2235 694 2295 est,
719 2220 808 2305 quod
825 2241 928 2305 expe·

57 2303 170 2370 aientia
185 2308 274 2370 nullo
293 2309 388 2372 modo
403 2307 607 2372 demonstrat.
627 2307 803 2371 Adfirmans
823 2325 929 2370 carte·
1012 2305 1015 2310 ⁴

62 2391 160 2472 alani,
184 2396 311 2484 intelligi
340 2417 404 2459 non
435 2413 544 2482 posse,
570 2395 644 2483 quid
664 2396 702 2464 sit
727 2394 846 2470 anima,
872 2394 928 2458 nisi
978 2439 979 2444 κ

61 2476 427 2571 concipiaturtamquam
441 2483 614 2559 substantia
626 2484 932 2574 actucogitnns;un·

63 2566 101 2630 de
125 2574 340 2650 concludunt,
364 2574 482 2638 animae
506 2574 670 2638 essentiam
688 2573 718 2634 in
734 2573 846 2637 actuali
869 2593 929 2636 co-

68 2657 214 2740 gitatione
239 2662 371 2747 positam
392 2681 465 2726 esse.
490 2661 616 2728 Verum
640 2683 696 2724 nos
720 2664 852 2726 animam
880 2661 931 2725 di-

64 2742 160 2811 cimus
180 2747 404 2828 substantiam,
422 2769 502 2832 quae
517 2747 610 2812 habet
627 2749 786 2834 cogitandi
804 2747 932 2838 laculta-

65 2845 137 2896 tem.
165 2837 304 2900 Necesse
319 2855 423 2902 autem
441 2859 503 2898 non
520 2854 584 2912 est,
607 2855 642 2901 ut
662 2839 733 2902 inde
755 2839 945 2912 inferamus,

67 2919 267 2994 substantiam
281 2924 364 2988 illam
380 2945 502 3010 semper
516 2924 664 3012 cogitate.
681 2926 842 2989 Praeterea
857 2923 934 2986 haec

74 3004 148 3075 inest
163 3012 259 3076 menti
276 3013 470 3099 proprietas,
483 3021 524 3076 ‘ut
538 3013 649 3091 ideae,
670 3033 747 3100 quas
770 3027 859 3103 antea
874 3009 935 3096 lta÷
