2258 3428
262 229 349 276 rans
375 229 405 272 r.
427 207 590 272 tdntcus.
606 207 759 278 carltrr.
867 230 928 300 117

102 301 109 312 '
125 295 178 364 V.
226 296 334 364 Notio
356 298 496 361 obscura
512 313 601 358 notas
614 293 836 362 insufficientes
853 319 932 364 con·

79 384 186 465 tinet,
221 409 258 451 ac
299 386 445 472 proinde
483 404 573 448 notas
609 385 796 450 necessarias
829 389 930 450 nomi·

84 473 172 537 tribus
199 479 264 540 suis
288 478 502 563 exprimere,
530 493 561 537 et
595 495 613 537 a
637 475 833 539 seinvicem
863 477 929 539 dis·

84 581 212 632 cernere
266 585 332 627 non
387 569 571 652 possumus.
611 560 701 628 Idem
759 564 931 630 dicendum

80 671 126 716 est
159 654 203 716 de
240 653 376 718 notione
400 649 534 716 confusa
558 694 568 728 ,
594 650 709 738 inqua
741 671 834 717 notae
866 673 930 716 non

76 741 330 828 distinguuntur
347 763 407 818 ,ac
433 738 565 826 proinde
581 761 639 804 nec
662 739 767 805 verbis
796 757 932 828 possunt

78 829 245 919 distingui.
280 830 384 898 Vnde
400 829 596 916 'plerumque
625 828 690 891 fieri
719 830 799 894 solet
815 875 824 908 ,
839 850 874 892 ut
889 831 931 898 dc

78 939 112 981 re
129 919 239 1006 aliqua
269 917 408 983 confuse
436 917 610 1004 cogitantes
637 916 678 980 ad
703 916 762 979 alia
785 920 931 984 attenda-

78 1029 181 1088 mus,
210 1029 294 1092 qnae
330 1008 373 1074 ad
406 1007 507 1092 ipsam
537 1006 580 1070 rei
613 1006 774 1068 notionem
804 1007 930 1078 minime

81 1095 291 1180 pertinent,
317 1117 355 1160 ac
395 1093 533 1181 proinde
570 1115 648 1182 vaga
686 1112 731 1158 est
765 1112 796 1160 et
835 1097 932 1159 mini-

84 1205 138 1248 me
175 1183 238 1246 lixa
275 1183 319 1248 rei
354 1184 474 1260 notio-3
502 1181 639 1267 ideoque
668 1203 781 1270 vagum
811 1202 842 1248 et
871 1185 934 1247 mi-

77 1272 168 1336 nime
185 1273 287 1336 fixum
307 1270 504 1336 vocabulum
528 1267 609 1332 hanc
637 1273 798 1336 notionem
819 1272 932 1362 expri-

77 1382 182 1427 mens.
207 1363 367 1427 Attamen
385 1361 409 1420 si
432 1361 521 1424 notio
540 1355 674 1422 confusa
701 1360 774 1424 nillil
798 1361 933 1425 distinc.

80 1451 106 1514 ti
129 1451 330 1527 contineat,
355 1450 417 1512 lixa
443 1465 548 1512 manet
571 1469 607 1512 ac
625 1446 834 1512 determinata
863 1451 932 1538 sig-

80 1538 225 1601 nificatio
262 1537 445 1613 vocabuli,
477 1557 544 1622 quo
572 1555 822 1622 repraesentatur
844 1541 933 1600 notio

88 1625 153 1687 illa.
178 1627 227 1688 Sic
260 1629 339 1715 qnia
367 1627 399 1688 in
427 1626 557 1690 notione
593 1624 707 1687 coloris
742 1621 825 1687 rubri
856 1623 934 1688 nihil

94 1711 338 1798 distinguimus,
355 1733 420 1776 vox
436 1711 559 1777 rubedo
579 1713 720 1777 eamdem
734 1733 858 1799 semper
875 1714 935 1799 sig-

96 1799 306 1866 nificationem
350 1805 477 1866 retinet.
507 1801 616 1878 Quum
645 1801 727 1866 enim
760 1803 849 1866 notio
881 1802 935 1866 illa

98 1885 173 1950 licet
196 1889 327 1954 confusa
355 1935 364 1966 ,
402 1890 486 1954 clara
513 1908 617 1954 tamen
645 1890 719 1967 sit;
752 1909 843 1954 notas
874 1912 936 1956 ex-

92 1970 179 2040 lribet
194 1979 235 2042 ad
253 2002 319 2044 rem
340 1978 574 2066 agnoscendam
599 1995 691 2066 atque
709 1979 749 2043 ab
775 1981 838 2043 aliis
863 1980 936 2043 dis-

92 2068 281 2131 cernendam
303 2065 509 2131 snllicientes.
530 2066 615 2148 Quia
634 2088 711 2131 veto
736 2066 812 2130 nihil
835 2089 934 2154 prot-

91 2173 141 2216 sus
161 2155 304 2219 distincti
323 2157 469 2220 continet
486 2155 548 2242 (ex
572 2153 784 2243 hypothesi),
812 2155 843 2218 ln
869 2177 934 2218 no-

91 2243 131 2304 tis
153 2243 376 2308 enumerandis
404 2265 508 2308 errare
530 2266 593 2306 non
619 2261 802 2330 possumus.
821 2243 932 2320 Quum

90 2329 201 2416 itaque
222 2331 418 2396 vocabulum
441 2331 582 2397 eamdem
600 2353 664 2397 tem
688 2332 752 2394 sine
768 2333 832 2394 ulla
858 2353 933 2406 mu-

90 2420 213 2486 tatione
242 2438 429 2486 constanter
462 2420 647 2504 exhibeat,
669 2419 932 2509 significationem

91 2507 186 2571 fixam
206 2509 320 2574 habet.
346 2509 474 2574 Verum
498 2508 522 2572 si
550 2508 640 2573 notio
663 2506 798 2576 confusa
815 2508 934 2594 aliquid

96 2595 235 2659 distincti
252 2597 448 2674 contineat,
472 2596 535 2660 hoc
553 2615 625 2676 est,
648 2600 670 2662 si
694 2598 726 2661 in
753 2621 786 2664 te
812 2597 937 2663 conlu-

94 2701 129 2747 ιε
162 2703 337 2774 percepta,
368 2685 521 2749 nonnulla
552 2687 640 2762 sint,
668 2708 752 2774 quae
783 2685 937 2775 distingui

92 2791 253 2859 possunt,
278 2775 481 2839 variationem
509 2774 648 2857 aliquam
673 2774 841 2840 admittere
860 2792 937 2862 pot-

93 2878 143 2924 est
167 2862 316 2926 vocabuli
335 2863 531 2950 significatio.
546 2863 673 2927 Etenim
690 2863 860 2948 aliqnando
879 2882 937 2922 ac-

97 2950 202 3027 cidit,
229 2969 265 3014 ut
282 2969 325 3016 'ea
348 2951 441 3029 tola,
468 2971 548 3038 quae
572 2950 782 3015 discernimus
808 2951 848 3012 ad
873 2967 939 3008 no·
