2326 3438
304 157 390 206 aaut
404 155 458 204 tr.
481 157 641 204 noctem.
665 154 741 202 cnr.
762 153 789 201 1.
906 137 968 226 285

133 225 258 295 {acilius
277 229 544 317 praetermittitur.
571 223 787 308 Quamobrem
813 222 971 296 eiusmodi

136 316 387 384 circumstantias
402 316 600 406 perpendere
613 314 782 404 expediet,
794 333 876 402 quae
890 337 971 404 pau·

138 407 266 470 cissimis
295 406 395 472 modis
423 426 458 472 se
482 404 631 492 explicari
658 403 843 491 patiantur,
875 425 914 472 ue
938 407 972 480 iu

137 489 277 562 difficiles
304 494 460 560 variatum
488 491 716 584 hypotheseon
740 490 888 580 ambages
916 495 971 562 iu·

133 581 291 648 cidatnus.
321 583 504 650 Certissima
532 599 638 648 autent
665 579 712 646 via
742 579 784 644 ad
808 579 972 652 veritatem

133 671 384 758 perveniemus,
416 673 440 736 si
466 672 546 736 tales
574 669 824 734 circumstantias
841 671 970 759 seligere

133 760 332 850 eontigerit,
361 779 442 848 quae
466 761 560 824 unico
586 756 684 825 modo
712 758 861 846 explicari
887 781 971 848 pos·

135 865 212 914 stnt.

205 936 332 1026 Regula
348 953 404 1003 111.
423 931 722 1014 Examinandum,
750 955 794 1000 att
809 937 894 1001 inter
910 936 972 1006 las

137 1047 262 1092 causas
283 1025 447 1114 quaedam
470 1025 594 1104 detur,
624 1043 723 1114 quam
741 1021 890 1113 reliquae
908 1030 973 1092 cir·

139 1118 359 1180 cumttantiae
385 1138 428 1182 ex
451 1116 659 1203 praescripto
688 1110 821 1202 regulae
851 1133 971 1179 secon-

139 1199 207 1267 dae
230 1218 434 1292 sequantur.-
464 1205 495 1270 si
522 1201 602 1267 talis
628 1201 752 1283 detur,
778 1204 853 1290 ipra
866 1197 973 1287 effide

138 1289 337 1380 hypothesim
363 1287 613 1380 explorandam.

207 1379 428 1466 Exemplumt
463 1379 627 1468 Hugenius
669 1399 769 1467 quum
810 1379 972 1465 planetam

138 1482 304 1532 saturnum
320 1471 440 1556 saepius
457 1467 673 1544 observasset,
699 1483 732 1534 et
746 1463 870 1532 vidisset
887 1467 971 1536 hunc
1009 1517 1015 1526 -

139 1555 311 1642 aliqnando
338 1555 535 1636 rotundum,
565 1554 687 1642 saepius
712 1554 791 1620 ansis
819 1558 973 1624 munitum

140 1665 306 1732 apparete,
320 1643 581 1732 latitudinemque
590 1663 731 1710 ansarum
745 1643 868 1720 variari,
883 1644 974 1710 aliat-

140 1754 204 1820 que
241 1733 412 1819 peculiares
444 1731 557 1798 horum
590 1731 881 1819 phaenomenotutn
905 1735 973 1798 cit·-

140 1823 346 1886 cumstantias
362 1836 502 1885 notasset
519 1844 530 1901 ς
559 1820 671 1888 horum
686 1822 826 1887 omnium
844 1823 974 1908 qnaesi-

124 1909 188 1971 :vit
203 1929 351 1989 causam,
369 1926 401 1976 et
415 1911 620 1980 examinando
633 1911 743 1976 modos
758 1956 768 1988 ,
785 1909 898 1996 quibus
915 1911 974 1982 hae

141 2017 238 2062 ansae
250 1999 399 2086 explicari
414 1999 562 2086 possint,
586 1999 704 2065 detexit
720 1999 849 2086 globum
863 2001 894 2062 in
912 2004 975 2066 ali-

143 2105 206 2170 qua
235 2085 382 2152 distantia
408 2087 639 2166 circumdatum
665 2089 783 2152 annulo
807 2107 975 2158 commune

143 2191 288 2239 centrum
312 2176 448 2241 habente
470 2195 540 2240 cum
564 2173 688 2262 globo,
717 2175 798 2240 ansis
821 2196 975 2244 armatum

143 2283 332 2350 appareret
372 2285 507 2352 quatum
540 2264 676 2328 latitudo
705 2265 802 2326 maior
832 2285 885 2330 aut
915 2269 1001 2329 ml-v

144 2370 203 2415 nor
218 2369 288 2431 est,
313 2373 378 2442 -pto
398 2352 522 2418 diverso
547 2354 630 2418 oculi
652 2354 724 2416 situ.
756 2349 879 2418 Deinde
900 2355 977 2418 teli-

144 2461 223 2526 quas
241 2441 465 2528 perpendendo
480 2441 725 2506 circumstantias
746 2443 886 2527 percepit
902 2443 977 2529 glo·

144 2526 221 2592 bum
239 2531 331 2593 talem
351 2529 522 2598 rotundum
538 2551 718 2618 appatere,
745 2529 863 2607 idest,
890 2551 978 2596 ansas

144 2636 355 2695 evanescere,
387 2617 411 2681 si
434 2620 563 2706 planum
585 2619 691 2682 annuli
708 2635 804 2683 tenue
827 2619 866 2682 sit
882 2637 913 2684 et
934 2619 978 2685 ita

146 2704 312 2790 positum,
341 2723 377 2770 ut
400 2709 616 2795 continuatum
641 2727 696 2792 pet
719 2707 846 2787 oculum
871 2727 978 2774 trans-

146 2793 230 2870 iret,
258 2813 314 2858 aut
339 2795 361 2869 si
389 2815 451 2857 nott
475 2793 669 2884 illuminetur
690 2797 897 2884 superficies,
927 2817 980 2864 su·

147 2899 203 2968 pta
233 2899 330 2967 quam
363 2881 475 2946 oculus
508 2884 660 2950 elevatur.
690 2881 800 2948 Posuit
827 2903 903 2950 tunc
934 2884 981 2950 uit
