2246 3412
274 136 361 192 esar
371 137 415 188 rt
430 134 589 190 marte.
598 125 603 168 ³
613 141 699 194 erra
714 135 766 190 rr.
905 118 970 207 alie

76 209 375 303 prenuntiabant:
393 205 543 280 Messiam
569 213 655 281 clare
680 207 911 301 designabant,
939 207 975 276 iu

10 349 13 388 :
75 302 216 368 Christo
230 299 401 390 adimpleta
412 299 500 368 fuere
514 328 523 367 r
541 300 671 368 Christo
684 296 915 369 conveniebant
929 319 975 364 or·

10 465 13 476 ,
83 411 170 458 mnes
186 391 426 480 prophetiarum
443 390 675 458 characteres:
697 411 786 456 suam
801 387 976 456 coelestem

82 479 262 546 missionem
287 478 376 546 faerit
391 481 424 543 in·
439 478 588 544 omnibus
603 478 671 548 fere
686 496 817 545 naturae
830 473 977 567 parribus

71 567 241 634 miraculis
256 565 481 656 comprobavit
493 592 502 630 e
515 588 597 652 qnae
609 589 671 638 uec
682 567 723 634 ab
738 566 814 656 ipsis
828 564 979 631 crudeli*

10 711 12 730 t
82 657 166 722 simis
180 656 324 722 hostibus
347 656 451 744 negari
465 673 612 741 potuere.
636 657 739 722 Nulla
753 674 840 722 cette
855 653 975 742 fraudis

10 737 12 748 ’
72 745 223 832 suspicio
233 765 301 810 esse
313 760 431 835 potest.
444 769 455 830 g
470 737 783 833 Ecquiscrediderit,
800 743 907 812 statim
919 763 978 830 ap·

10 891 16 904 .
81 837 210 922 positos*
221 829 316 899 fuisse
339 832 436 899 falsos
465 851 562 900 restes
600 835 631 898 ui
646 833 805 922 supplicia
820 833 977 898 mortem-

10 915 14 928 ’
74 944 148 1011 que
160 924 265 1009 ipsam
281 943 341 1010 pro
355 922 526 988 mendaciis
551 943 587 987 su
612 925 656 988 ire
671 944 735 988 nou
750 919 978 988 dubitaverint?

11 1065 17 1082 ,
81 1011 193 1077 Nemo
212 1011 270 1076 sibi
285 1009 511 1098 persuadebit,
523 1009 693 1076 humanam
708 1031 774 1078 esse
794 1011 978 1096 religionem

10 1094 16 1176 ζ
81 1099 125 1166 ab
140 1099 293 1188 imperitis
313 1098 493 1164 hominibus
511 1099 597 1163 omni
617 1099 757 1166 humano
779 1099 899 1166 auxilio
913 1099 978 1166 de·-

10 1185 14 1196 ’
80 1191 199 1258 stitutis
236 1187 980 1277 ¹opagatam,apotentissimisregiliusintpug·
1034 1186 1035 1189 ’

10 1339 12 1350 ,
80 1294 210 1356 natam,
241 1278 362 1344 omanis
381 1273 635 1366 inordinatisque
652 1275 830 1343 adfectibus
850 1281 980 1342 contin
1082 1345 1083 1357 χ

80 1369 161 1434 riam
175 1411 185 1446 ,
200 1365 289 1433 brevi
302 1381 407 1431 tamen
425 1365 579 1452 temporis
595 1365 765 1432 intervallo
779 1365 873 1453 longe
894 1366 981 1432 late·
1083 1407 1085 1412 ι

10 1513 15 1536 ,
81 1477 148 1544 que
172 1457 391 1520 constitutam.
414 1451 468 1518 lta
484 1454 682 1542 pedetentim
697 1456 739 1520 ad
753 1455 911 1542 religionis
924 1453 981 1521 re'-

10 1537 14 1628 J
79 1545 206 1612 velatae
221 1545 398 1612 doctrinam
411 1543 682 1632 progrediendum
698 1559 768 1622 ert,
791 1561 888 1628 atque
903 1561 980 1608 tan-

10 1633 13 1708 ζ
79 1633 158 1700 dem
171 1633 224 1698 'ad
252 1629 447 1698 infallibilem
475 1631 674 1699 revelationis
691 1630 896 1717 interpretem
910 1653 980 1697 sau·

10 1723 13 1732 ’
79 1719 981 1808 etamCatlrolicam‚Apostolicam,etRomanamEccle·

11 1809 12 1814 ’
81 1811 162 1876 siam
172 1855 183 1888 ,
193 1829 283 1876 extra
295 1831 389 1896 quarn
404 1810 490 1876 nulla
505 1809 665 1876 talusesse
677 1826 803 1898 potest,
817 1807 889 1874 Deo
905 1805 982 1874 darl-

10 1899 11 1904 ’
81 1916 119 1966 te
132 1943 143 1976 ,
156 1899 338 1966 incredulos
355 1897 515 1964 adducere
529 1920 593 1962 non
610 1900 668 1964 erit
688 1896 823 1964 difficile.
844 1897 905 1962 Sed
920 1898 981 1965 alia

83 1987 236 2074 dogmata
258 2003 395 2053 tractare
423 1988 466 2053 ad
481 1986 652 2076 theologos
680 1988 830 2074 pertinet.
846 1986 981 2054 Brevem

84 2074 248 2144 doctrinae
275 2078 386 2144 seriem
412 2099 455 2144 ex
481 2077 595 2144 ordine
616 2076 802 2165 exposuisse
829 2077 902 2158 satis
927 2075 983 2144 sita

359 2251 702 2322 APPENDIX.

79 2525 83 2532 μ
127 2427 186 2498 De
211 2433 377 2502 erroribus
396 2430 579 2522 theologiae
606 2430 760 2502 naturali
773 2429 935 2500 adversis.
998 2423 1000 2436 ⁴

517 2608 536 2676 I

524 2721 564 2767 ex
589 2699 859 2786 contemplatione
886 2697 978 2767 buius

86 2784 224 2852 universi
242 2789 293 2852 rel
320 2807 358 2852 ex
375 2789 494 2854 animae
509 2807 636 2854 nostrae
650 2791 902 2855 consideratione
918 2793 980 2854 ali-

86 2871 174 2961 isque
194 2875 383 2964 argumentis
398 2879 535 2962 plurimis
564 2877 729 2944 evidenter
742 2879 980 2944 demonstravi*-

87 2983 167 3026 mus.
182 2964 211 3028 Si
228 2965 330 3030 ra'men
348 2964 459 3050 aliquis
475 2966 606 3033 inveniri
621 2969 720 3052 possit
744 2965 869 3032 luminis
883 2985 980 3031 nutu-

70 3053 161 3132 „ralis
187 3074 244 3120 usu
272 3056 315 3120 ira
338 3053 532 3140 destitutus,
551 3055 602 3136 vel
614 3055 828 3146 cupiditatum
845 3055 980 3124 tenebris

89 2636 326 2764 Existentiam
359 2697 421 2764 Dei
447 2700 498 2766 vel
