2246 3412
324 147 407 196 rtur
428 149 459 196 u
478 148 633 201 martra.
657 147 733 202 aar.
756 136 796 194 tr.
931 122 996 204 rot

90 225 172 282 mm
192 222 386 308 proterviam
399 221 469 306 ipsa
485 221 681 289 revelationis
708 216 899 283 auctoritate
911 229 999 292 cont-¹1

95 324 186 372 etate
203 308 332 372 omnino
352 308 463 376 debuit
479 331 642 396 supremus
658 326 689 372 er
704 304 873 372 infallibilis
886 302 999 378 iudeat

96 392 223 480 alioqui
237 415 406 483 perpetuae
422 395 523 464 forent
537 397 769 468 controuersiae
782 395 865 460 nulla
880 411 999 456 aucto-

96 481 198 548 ritate
210 484 382 566 liniendae,
399 505 435 550 ac
448 486 582 574 proinde
596 487 679 552 nulla
697 503 780 550 esset
797 479 1001 556 revelationi·

97 569 229 642 utilitaa.
261 571 353 638 Hanc
384 589 497 638 autern
518 575 737 639 auctoritatem
764 573 803 638 ad
831 569 1025 644 ecclesiam*

95 661 286 744 pertinere,
317 662 349 726 in
366 657 527 752 theologia
547 662 796 728 demonstratur.
823 659 882 724 11.o
906 655 999 722 Licet

100 747 258 822 revelatio
281 749 466 814 veritatibus
491 753 695 825 necessariis,
722 769 855 834 quarunt
881 743 1000 818 falsitas
1055 779 1064 804 .

100 834 389 902 contradictionem
404 829 566 919 involvit,
591 859 765 926 repugnare
791 857 852 898 non
882 831 998 922 posssitt

100 925 260 988 contraria
280 941 386 989 tamen
399 946 467 992 esse
484 944 589 1016 potest
609 925 792 1000 veritatibus
807 921 999 1012 contingam,¹

1 1083 2 1086 Ἴ
100 1009 189 1076 tibus
200 1035 209 1088 ς
227 1033 309 1100 quae
325 1033 389 1076 uon
407 1031 480 1078 tunt
499 1015 646 1082 absolute
660 1012 862 1080 necessariae.
882 1009 999 1081 Etemr

99 1097 150 1186 pli
165 1121 260 1166 causa
276 1147 285 1179 ,
303 1101 408 1168 divina
434 1105 588 1170 revelatio
605 1103 700 1178 docet
717 1147 725 1180 ,
753 1101 903 1188 virginem
920 1121 1000 1172 conr

99 1188 222 1274 cepisse
242 1190 320 1279 siue⁸
336 1193 529 1260 commercio
556 1214 629 1258 cum
657 1195 737 1256 viro.
769 1190 860 1254 Haec
885 1188 1000 1254 veritat

100 1275 390 1354 contradictionem
401 1280 673 1360 involveret,nisi
691 1294 907 1366 appeteretur
921 1298 1000 1341 con,
1051 1306 1053 1315 ·

1 1379 3 1448 g
102 1363 185 1435 ditio
202 1410 211 1444 ,
227 1367 318 1454 quod
334 1389 449 1455 nempe
471 1369 638 1455 conceptio
655 1389 719 1434 nou
732 1365 786 1430 fiat
803 1365 999 1440 naturaliter·

103 1451 206 1520 Porro
227 1455 333 1521 divina
355 1455 505 1534 revelatio
521 1457 617 1523 docet
636 1457 741 1534 ‚hanc
758 1456 1001 1541 conceptionem

1 1597 3 1634 r
105 1546 386 1625 supernaturaliter
405 1565 461 1612 teu
491 1567 548 1632 per
574 1545 765 1611 miraculum
787 1542 901 1610 factam
919 1563 998 1619 esser

1 1704 3 1720 ᾖ
107 1649 146 1710 ac
161 1632 297 1719 proinde
308 1633 519 1701 contradictio
534 1651 580 1700 est
595 1632 816 1710 tantummodo
831 1649 999 1718 apparens·

1 1776 3 1793 p
105 1716 1001 1807 Expraecedeutiratiocinationeevidensest‚iudiciutu

108 1807 327 1874 deveritatum
343 1812 527 1893 necessitate
543 1831 574 1878 et
592 1811 809 1898 contingentia
826 1809 864 1878 ad
881 1809 1001 1875 nullam

43 1935 47 1943 ι
108 1898 329 1966 auctoritatem
350 1898 516 1986 privatam
541 1901 709 1986 pertinere.
734 1901 806 1966 111.⁸
829 1897 1001 1965 Revelatio
1022 1955 1026 1962 „

108 1983 187 2050 nihil
205 1989 368 2056 continete
390 1985 488 2056 debet
513 1987 692 2078 theologiae
715 1986 849 2058 naturali
866 1999 1001 2052 contra·

110 2073 204 2138 rium.
228 2073 353 2144 Etenim
378 2075 409 2140 in
432 2075 591 2167 theologia
616 2078 751 2144 naturali
779 2093 933 2143 tractatur
961 2071 1002 2144 de

111 2161 228 2230 divinis
248 2163 409 2230 attributis
425 2205 436 2244 ,
451 2176 533 2250 quae
553 2186 627 2233 sunt
643 2167 791 2236 veritates
809 2183 955 2231 aeternae
971 2175 1002 2228 et

110 2254 303 2317 necessariae
320 2295 330 2330 ‚
346 2251 460 2342 quibus
479 2255 614 2340 proinde
629 2276 801 2343 repugnare
815 2274 878 2316 non
896 2268 1003 2338 potest
1054 2319 1057 2322 .

111 2339 275 2406 revelatio.
299 2339 467 2408 Praeterea
480 2341 640 2433 theologia
666 2344 813 2408 naturalis
831 2339 1003 2430 generatim

112 2425 310 2494 demonstrat
324 2428 426 2496 officia
439 2431 575 2498 hominis
591 2454 665 2522 erga
678 2433 804 2508 Deum,
817 2453 888 2520 erga
905 2430 1004 2514 seip-

111 2537 201 2594 sum,
219 2535 249 2582 et
262 2522 450 2604 proximum.
464 2520 574 2599 Qu'um
589 2541 695 2590 autem
710 2519 815 2588 officia
830 2521 934 2596 illa'ex
950 2519 1002 2584 ins

110 2605 198 2672 finita
221 2605 283 2672 Dei
311 2603 534 2694 perfectione,
566 2632 606 2676 ex
628 2611 708 2674 illius
728 2609 845 2674 infinita
860 2607 1005 2674 bonitate

113 2712 211 2782 atque
225 2717 265 2762 ex
288 2715 437 2784 supremo
458 2697 519 2766 Dei
541 2698 573 2761 in
586 2718 746 2766 creaturas
763 2697 904 2769 dominio
922 2717 1003 2784 prce

108 2785 212 2870 ilucre
234 2785 469 2852 demonstretur
490 2831 500 2866 ,
529 2805 650 2875 patet,
677 2789 900 2852 revelationem
926 2782 1006 2848 uiltil

115 2871 230 2948 docere
253 2893 371 2959 posse,
402 2877 493 2962 quod
525 2879 565 2942 ait
593 2877 638 2940 his
661 2875 770 2942 officiis
793 2873 1003 2940 contrarium.

108 2957 259 3042 :Tandem
277 2985 376 3050 quum
397 2961 501 3030 officia
524 2965 657 3031 hominis
682 2988 757 3054 erga
775 2964 885 3032 ¹Deum
909 2983 1005 3047 prae-

115 3048 264 3138 eipiamt,
291 3071 328 3120 ut
355 3055 495 3152 singulas
529 3057 672 3130 actiones
700 3056 741 3127 ad
758 3051 1007 3146 perfectionem
