2300 3506
239 193 286 243 10
481 189 673 249 sslffl'l'V'l'·
699 193 832 244 mltos·

224 261 402 354 'rpeciehut
424 282 606 336 communes
620 284 710 345 sunt,
725 261 852 332 disserit
868 285 879 342 ς
896 261 976 332 haee
991 261 1065 336 v'e'ru

223 353 406 444 -singulares
432 377 603 442 corporum
628 357 748 444 species
775 355 1020 440 contemplatur.

297 443 436 508 Patrium
457 444 676 535 philosophiae
692 448 716 508 it
732 443 815 508 ordo
830 442 979 510 inviolate
994 465 1067 510 ser-

229 530 297 593 vari
316 529 409 598 debet
425 552 482 610 ,ut
505 534 576 601 illae
594 533 786 624 praecedant
805 549 911 619 parret
930 554 970 598 ex
984 534 1065 618 qui-

229 615 292 684 bus
307 619 386 685 aliae
401 619 548 708 principia
566 644 621 688 sua
637 637 822 688 mutuantur
838 620 977 706 ealioqui
992 644 1066 691 rue·

229 724 302 772 rent
331 707 551 798 philosophiae
578 712 741 778 certitudo
768 725 864 794 atque
891 711 1064 794 evidentia,
1132 743 1133 748 ¹

227 796 299 864 tine
313 795 428 884 quibus
443 802 571 866 scientia
584 821 652 867 esse
667 821 731 864 nort
743 817 862 886 potest.
878 797 989 876 Quum
1001 799 1066 889 igi·

227 899 282 949 tur
308 885 426 974 Logica
439 889 542 956 tradat
555 887 796 980 cognoscendae
811 885 951 952 veritaris
965 909 1066 976 regu.

227 971 279 1060 las·
300 973 332 1040 iu
355 977 482 1065 singulis
506 975 724 1066 philosophiae
741 975 882 1064 partibus
910 995 1066 1042 necessa·

226 1061 290 1127 rias
312 1087 324 1142 3
348 1065 450 1150 primo
475 1068 618 1132 omnium
646 1063 998 1154 incohaerentiam,
1029 1082 1063 1134 et

225 1169 405 1218 ceterarum
421 1155 559 1240 partium
579 1177 732 1244 organum
744 1154 812 1218 iure
830 1152 941 1218 merito
956 1153 1065 1220 dicen·

229 1239 282 1305 da.
298 1241 477 1308 Secundum
504 1244 612 1308 locum
632 1242 778 1308 obtinere
802 1240 899 1308 debet
916 1241 1065 1307 Ourolo-

119 1322 122 1332 '
222 1328 304 1414 <gia,
331 1349 413 1413 quae
436 1353 536 1420 quurn
566 1334 698 1398 maxime
714 1329 945 1396 universalissit
963 1330 1065 1409 ,alia-

228 1435 298 1481 rum
320 1417 458 1502 partium
479 1421 633 1510 principia
656 1419 812 1486 continet.
839 1417 963 1484 Deinde
978 1420 1062 1486 tradi

228 1523 338 1595 potest
355 1506 567 1599 Psychologia
581 1556 591 1589 ‚
604 1531 658 1575 teu
669 1529 749 1596 pare
763 1507 816 1574 illa
830 1526 912 1596 quae
933 1507 974 1572 de
990 1509 1064 1572 nni-

222 1615 279 1661 ·ma
298 1613 346 1663 est
362 1643 374 1675 ‚
388 1619 419 1664 et
435 1598 615 1689 theologiae
632 1595 766 1662 naturali
783 1595 940 1685 praemitti
954 1595 1063 1662 dehet.

227 1681 317 1748 Nam
337 1683 563 1752 attributorum
576 1689 754 1753 divinorum
778 1686 924 1750 notiones
939 1681 1065 1750 forma-

226 1793 297 1836 mus
313 1819 322 1848 ‚
337 1771 413 1837 dum
431 1775 585 1840 attributa
597 1821 608 1854 ‚
619 1797 702 1863 quae
720 1776 841 1840 animae
854 1773 1064 1854 conveniunt,

228 1861 314 1922 omui
342 1858 609 1945 imperfectione,
637 1881 671 1930 et
695 1863 878 1927 limitatione
904 1862 1060 1941 exuimur,

224 1961 325 2030 atque
349 1947 422 2014 ideo
455 1949 565 2018 theolo
588 1952 618 2018 ia
651 1950 802 2018 naturalis
830 1947 1066 2040 Psychologiae
1132 1981 1133 1984 ¹

221 2035 385 2124 principiis
405 2036 537 2130 indiget.
567 1973 711 2130 ihysica
740 2039 901 2128 praeviam
924 2039 1066 2104 outolo·

224 2124 311 2212 giam
332 2123 387 2190 sihi
404 2128 484 2192 vuit.
502 2129 617 2193 Murali
632 2150 710 2195 vero
729 2128 936 2216 Ontologiam
951 2174 962 2204 ,
977 2127 1065 2217 Psy·
1131 2176 1132 2201 2

221 2213 433 2303 ehologiam,
460 2239 499 2282 ac
514 2215 707 2306 theologiam
734 2217 909 2282 naturalem
927 2218 1065 2302 praeire,
1131 2240 1132 2253 ¹

223 2319 332 2368 rectus
355 2305 438 2370 ordo
467 2307 635 2393 postulate
661 2308 777 2373 etenim
792 2302 898 2369 officia
928 2303 1064 2369 hominio

226 2412 300 2481 erga
321 2392 451 2472 Deum,
472 2417 546 2484 erga
572 2396 737 2482 teipsum,
758 2410 791 2460 et
810 2409 935 2458 ceteros
957 2391 1064 2457 horni-

226 2501 282 2544 net
295 2499 442 2547 accurate
470 2483 680 2548 demonstrari
693 2505 758 2547 non
776 2497 937 2566 possunt,
951 2481 1008 2546 nisi
1019 2503 1062 2548 ex

222 2567 327 2635 tribus
350 2569 559 2636 'illistcientiis
581 2571 733 2658 principia
754 2571 950 2635 hauriantur.
968 2569 1066 2658 Phy-

227 2653 291 2722 tica
314 2656 445 2723 Ethicae
469 2661 711 2728 convenientius
740 2657 981 2748 praemittitur3
1006 2655 1065 2726 ted

223 2743 364 2834 physica
377 2748 529 2837 generalis
547 2750 729 2834 particulari
747 2749 835 2832 prior
864 2747 994 2812 omnino
1008 2768 1066 2813 et-

222 2855 261 2908 te
283 2833 447 2900 debet.1n
470 2837 596 2926 singulis
619 2859 696 2901 vero
718 2834 936 2924 philosophiae
961 2837 1066 2924 parri·

225 2919 286 2988 hus
311 2923 505 3015 explicandis
519 2925 788 3017 eartuprenralex
800 2941 861 3016 ert
875 2968 892 3008 ,Ἀ
910 2939 947 2992 ut
972 2944 1067 2992 neut-
