2298 3418
30 262 31 272 ἵ
131 257 142 277 ·
195 193 682 278 ‘nnnstrtstootcttn'cttn
712 203 767 252 tt.
846 193 909 279 αις

66 255 203 329 rubrum
226 265 415 338 definitione
436 271 551 339 format
575 275 847 364 propositionem,
862 277 916 344 vei

66 369 111 414 est
149 352 237 420 uariis
272 357 463 427 delinitionis
497 367 640 450 partibus
669 363 774 452 plures
799 359 916 432 format

68 443 333 541 propositiones,
355 469 438 538 quas
463 454 558 517 sumit
583 471 744 540 tamquam
767 451 917 542 proposi·

51 537 167 632 'tiones
197 534 342 602 minores
374 537 646 630 syllogismorum.
677 541 708 608 Si
734 541 917 608 desudem

70 613 217 686 subtecto
247 624 355 712 aliqua
379 625 556 696 habeantur
579 631 738 696 axiomata
759 630 811 696 rel
833 649 917 718 pto-

66 705 250 808 positiones
266 713 329 778 iant
351 715 604 798 demonstratae,
627 717 685 784 ltae
703 739 850 804 quoque,
872 739 918 782 o-

63 810 158 861 missa
188 800 401 885 definitione,
428 805 570 876 adhiberi
596 825 733 894 possunt
755 825 918 895 tamquam

61 890 312 972 propositiones
346 897 484 962 minores
522 895 802 986 syllogismorums
842 897 918 962 data

12 1014 15 1027 .
62 988 180 1038 autern
207 979 431 1068 propositione
456 984 598 1064 minore,
624 981 844 1072 investiganda
866 999 919 1050 est

65 1063 261 1149 Proposito
281 1069 360 1150 alia,
383 1093 559 1160 quaecum
580 1095 618 1140 ea
640 1071 810 1138 terminum
833 1091 918 1138 com·

12 1185 13 1210 2
68 1167 210 1218 munem
235 1153 366 1239 lrabeat,
391 1178 490 1250 atque
515 1161 593 1227 ltaec
620 1157 844 1226 constituenda
867 1175 919 1225 est

71 1239 182 1338 maior
208 1243 407 1336 syllogismi,
438 1252 544 1338 sicque
570 1246 703 1316 infertur
737 1247 919 1314 conclusio.

68 1319 102 1384 ⁸¹
124 1345 235 1432 {utem
257 1335 365 1424 plures
383 1334 536 1404 formatae
555 1335 673 1405 suerint
694 1337 831 1404 minores
846 1357 920 1424 pro*

70 1433 278 1514 postttonesr
302 1424 407 1511 plures
431 1447 563 1514 quoque
582 1427 693 1493 eadem
716 1428 836 1493 ratione
857 1425 921 1490 elin

71 1519 204 1574 ctuntut
229 1511 464 1581 conclusiones.
491 1515 564 1580 Hae
591 1531 698 1579 autem
729 1511 920 1578 conclusio-

72 1609 128 1657 nes
156 1597 212 1664 rel
233 1599 374 1690 singulae
395 1619 565 1669 sumuntur
584 1618 746 1689 tamquam
770 1599 923 1688 praemis·

73 1697 126 1747 sae
148 1707 317 1753 novorum
337 1692 614 1781 syllogismorum,
635 1688 686 1755 vel
706 1687 813 1775 plures
827 1687 923 1752 simul

74 1785 265 1857 spectantur
284 1795 448 1868 tamquam
471 1781 560 1845 notio
582 1777 774 1867 complexa,
798 1772 922 1840 forma-

78 1873 198 1948 turque
216 1862 292 1932 inde
314 1869 513 1956 propositio,
529 1889 611 1953 quae
625 1868 760 1934 sumitur
777 1881 813 1931 nt
830 1885 923 1952 prae*

81 1947 176 2019 missa
200 1955 276 2019 novi
296 1955 485 2046 syllogismi.
510 1955 654 2024 Tandem
677 1956 723 2020 his
746 1953 923 2045 praemissis

79 2037 141 2106 alia
167 2041 307 2132 iungitur
335 2065 373 2109 ex
403 2042 661 2112 antecedentibus
684 2047 833 2130 cognita,
869 2043 924 2106 itta

80 2120 244 2219 ferturque
265 2135 452 2213 conclusio,
476 2147 575 2221 atque
594 2131 660 2196 'ltac
685 2133 807 2197 ratione
834 2131 926 2196 sdhta

73 2209 157 2282 'bitis
186 2219 353 2306 pluribus,
376 2239 530 2308 quantum
556 2243 639 2309 opus
666 2217 786 2297 fuerit,
810 2239 925 2284 conse·

84 2308 242 2391 quentiis,
265 2311 538 2397 progrediendum
554 2349 575 2388 ,v
591 2309 695 2374 donec
723 2309 924 2396 perveniatur

83 2391 126 2458 ad
150 2396 413 2478 conclusionem,
442 2421 522 2484 quse
546 2399 658 2465 eadem
684 2396 725 2463 sit
747 2417 819 2461 cunt
845 2417 926 2486 pro*

86 2482 246 2570 positione
273 2485 534 2554 demonstranda.
918 2501 921 2518 ’

154 2571 238 2638 Rem
265 2579 413 2662 exemplo
438 2573 676 2642 illustrabimus.
705 2575 751 2641 Sit
774 2573 927 2640 demorsa

87 2661 201 2726 tranda
220 2664 419 2750 propositio:
444 2663 671 2731 accidentales
696 2663 785 2728 modi
806 2660 928 2748 defini-²

89 2753 205 2819 tionem
228 2751 359 2840 ingredi
379 2755 627 2843 nequeunt-Vi
646 2753 860 2831 definitionis,
876 2769 928 2818 ac*

91 2837 273 2906 cidrntales
302 2839 392 2905 rrtodt'
416 2858 492 2908 sunt
520 2839 707 2907 mutabiles.
737 2840 829 2906 Hanc
854 2841 929 2928 ergo

93 2930 223 3016 primam
246 2930 502 3019 propositionem
516 2928 713 2998 adhibemus
737 2929 801 2996 itttn
818 2948 930 2994 *recor*
982 2927 988 2938 '
1038 2945 1040 2956 ⁴
1130 2919 1133 2926 “
