2258 3428
265 161 330 220 unq
509 157 693 205 ιιιετιτντ.
719 157 851 206 eustos.

260 249 295 298 re
315 231 415 296 latent
433 273 442 307 ,
458 247 571 294 mutuo
584 229 853 296 communicemus
876 253 927 300 seu
942 220 1057 292 manileu-

260 335 365 386 temus
380 365 391 399 ,
418 320 507 403 quod
527 335 564 382 ut
582 318 636 382 fiat
652 362 662 396 ,
678 339 806 384 necesse
827 339 896 401 est,
912 320 1007 386 iisdem
1020 335 1058 376 vo

259 410 382 473 cabulis
409 407 532 474 easdem
555 407 639 494 iungi
654 410 809 474 notiones.
825 408 929 487 Quare
946 409 1058 491 loqueu-

259 499 298 562 tis
321 517 353 562 et
382 496 546 560 scribentis
570 513 707 562 mentem
731 498 866 586 adsequi
888 521 948 566 uon
964 513 1062 584 possu-

259 608 328 650 mus
345 632 354 662 ‚
378 587 401 648 si
419 582 609 662 vocabulis,
626 583 740 670 quibus
756 587 808 652 ille
822 590 921 654 utitur
938 581 1060 666 ,nullam

258 676 310 740 vel
334 673 496 753 fallacem,
512 675 563 740 vel
577 672 746 740 obscuram
763 675 865 741 ideam
882 673 1062 744 subiciamus.

258 762 437 852 Loquentis
459 783 536 829 vero
560 779 698 830 mentem
714 766 925 852 pervertimus
941 759 1062 846 ,εἰιοιί-

259 849 319 916 bus
335 851 374 918 ab
398 875 438 920 eo
464 855 618 938 usurpatis
646 852 747 931 alias,
773 875 867 941 quana
885 855 954 945 ipse
977 848 1058 924 habet,
1096 897 1097 926 ι

257 942 404 1010 notiones
431 942 615 1031 iungimus,
645 958 779 1030 tumque
812 965 861 1008 res
895 943 1056 1033 penades

256 1029 388 1114 habet,
422 1053 459 1098 ac
488 1032 513 1096 si
546 1029 653 1119 lingua
687 1030 795 1120 ignota
824 1029 990 1098 uobiscum
1009 1041 1055 1093 ult·

256 1135 354 1185 retur.

299 1207 345 1274 11.
390 1206 572 1277 Vocabulis
592 1207 727 1286 utimur,
740 1224 777 1272 ut
796 1208 946 1276 notiones
961 1218 1061 1272 nostras

254 1316 366 1383 resque
386 1296 419 1360 iis
439 1314 687 1384 repraesentatas
706 1342 716 1376 ,
744 1314 899 1384 quantum
926 1299 988 1364 fieri
1005 1309 1063 1381 pot·

254 1401 322 1462 est,
338 1384 485 1470 expedite
501 1403 532 1452 et
547 1389 730 1472 perspicuae
746 1389 811 1452 aliis
828 1389 1011 1474 aperiamus.
1024 1376 1064 1444 Ad

253 1473 342 1560 quod
364 1475 590 1562 praestandum
603 1475 677 1538 nihil
698 1475 969 1543 accommodatius
989 1489 1063 1561 quant

253 1563 411 1630 vocabula
429 1563 557 1630 inveniri
574 1580 724 1650 poterat,
750 1579 818 1628 tum
832 1583 966 1652 propter
979 1577 1064 1629 eorum

78 1675 83 1692 <
183 1690 185 1695 ι
253 1654 381 1740 copiam
405 1671 437 1719 et
462 1657 673 1731 varietatem,
700 1667 768 1714 tum
792 1649 1068 1741 proptereximian

254 1743 403 1806 sermonis
437 1739 617 1806 facilitatem
648 1758 679 1806 et
703 1739 902 1806 brevitatem.
927 1737 1066 1828 Expedite

253 1849 359 1894 autem
382 1848 413 1893 et
436 1830 603 1916 perspicue
628 1826 668 1894 ab
694 1829 760 1893 aliis
783 1828 963 1898 horninibus
988 1823 1070 1894 intel·

252 1915 395 2004 liguntur
415 1915 461 1994 il,
491 1919 545 2004 qui
570 1916 612 1982 ab
637 1919 752 2001 usitata
777 1916 949 1984 verborum
970 1913 1071 2006 signifi·
1096 1925 1097 1970 ἶ

251 2007 377 2072 catione
402 2027 467 2088 non
482 2006 653 2073 recedunt:
665 2009 786 2094 quique
802 2029 899 2072 voces
915 2009 1021 2074 inanes
1034 1999 1076 2064 vl*
1096 2001 1097 2036 ³

251 2111 320 2160 tant
338 2114 370 2162 et
385 2095 536 2161 obscuras
562 2111 619 2160 aut
631 2117 732 2186 vagas
753 2115 902 2162 accurate
916 2095 1072 2162 definiunt.
1096 2137 1097 2146 ι

249 2185 281 2248 Si
305 2204 411 2252 autem
427 2184 561 2250 vocibus
574 2184 666 2250 aliam
693 2182 858 2250 tribuimus
884 2181 1073 2276 significatio·
1096 2201 1097 2218 ³

251 2293 348 2354 nem,
371 2297 468 2362 quam
492 2295 573 2362 quae
602 2293 662 2338 usu
685 2291 815 2362 recepta
843 2290 919 2355 est,
947 2287 1073 2340 mentem
1096 2273 1097 2290 ³

249 2365 389 2428 nostram
413 2365 464 2427 alii
492 2383 557 2425 non
581 2379 717 2450 possunt
743 2361 873 2448 adsequi
892 2410 903 2442 ,
922 2379 980 2428 aut
996 2357 1097 2426 ‹iifl-r

248 2450 339 2516 cilius
357 2451 599 2536 adsequuntur,
617 2450 800 2516 etiamdum
815 2453 900 2540 ipsas
915 2470 1012 2516 voces
1028 2445 1075 2511 de·
1096 2463 1097 2466 ’

250 2536 492 2624 finimus5quia
513 2537 549 2602 iis
572 2539 703 2626 prolatis
729 2557 898 2607 recurrunt
920 2537 1071 2610 notiones,
1096 2569 1097 2580 2

240 2649 330 2714 'quas
359 2647 433 2689 cum
460 2623 518 2690 illis
538 2626 667 2716 iungere
695 2644 941 2702 consueverunt.
963 2625 1097 2700 Vsita·1

161 2781 165 2788 ,
247 2731 312 2779 tam
337 2736 413 2781 vero
439 2714 668 2780 vocabulorum
698 2718 955 2804 significationem
981 2709 1075 2780 disci·

248 2825 317 2868 mus
348 2829 388 2871 ex
409 2825 519 2868 eorum
545 2803 708 2866 hominum
732 2805 857 2891 scriptis
882 2823 938 2868 aut
960 2821 1078 2868 sermo-

248 2891 369 2972 nibus,
395 2894 450 2980 qui
475 2894 573 2956 claras
597 2911 634 2956 ac
657 2892 821 2960 distinctas
844 2913 950 2960 rerum
972 2891 1077 2958 notio·
