2258 3428
221 134 263 223 78
460 151 645 201 tutatust.
681 151 815 206 uastos.
867 179 871 186 .

218 223 318 289 veuit'.
343 241 396 288 tv.
418 222 519 304 Quod
536 225 626 288 omni
650 223 789 312 speciei,
813 223 1066 312 soliacseutper

219 313 392 390 convenit,
426 329 458 380 et
489 315 653 401 proprium
689 315 818 404 quidem
858 313 924 378 hoo
961 315 1064 379 modo
1121 313 1122 318 ’

218 420 407 488 usurpatum
438 418 487 468 est
511 422 659 488 quartum
682 401 926 490 praedicabile.
967 401 1064 468 Tan·
1121 425 1122 454 t

221 491 294 557 dem
320 488 473 556 accidens
494 510 663 557 commune
688 514 743 559 seu
769 489 981 580 praedicabile
1016 509 1067 556 est

219 579 275 658 id,
296 577 387 666 qttod
400 595 511 666 potest
536 580 653 646 adesse
674 579 727 651 ael
750 583 865 648 abesse
891 607 913 646 a
936 583 1066 646 sabsec-

218 675 254 734 'to
283 669 352 732 sine
379 669 519 733 subiecti
540 667 789 751 destructione,
816 686 852 736 ut
876 669 980 758 pallor
1011 669 1066 736 vel

221 754 320 822 rubor
345 758 376 820 in
406 756 514 822 vultu.
1121 759 1122 762 '

266 841 337 912 VI.
382 845 447 910 Eos
477 844 575 934 vulgo
601 843 756 914 dividitur
777 848 816 912 in
847 861 904 913 ens
931 867 995 936 per
1028 867 1064 914 se

221 935 421 1014 subsistens,
451 938 544 1022 quod
575 937 737 1009 constituit
765 937 998 1015 substantiam,
1031 949 1064 1001 et

222 1022 255 1086 in
276 1047 334 1089 eas
358 1023 550 1102 inhaerens,
575 1023 666 1112 quod
686 1024 832 1092 accidens
855 1025 937 1090 uolet
954 1025 1064 1111 appet-

223 1111 292 1176 lari.
315 1111 358 1176 Et
383 1112 528 1178 accidens
548 1113 677 1199 quidem
699 1116 929 1202 sic-acceptum
939 1161 951 1191 ,
965 1135 1063 1201 quum

221 1203 324 1290 possit
338 1221 405 1266 esse
419 1200 683 1278 attributumrei,
700 1205 793 1268 etiam
808 1202 995 1279 essentiale,
1014 1203 1062 1266 iae·

219 1292 292 1354 'tiur
309 1306 415 1376 patet,
432 1311 525 1376 quam
551 1291 696 1357 accidens
710 1303 949 1369 commune'seu
965 1313 1062 1376 prae·-

223 1375 370 1444 dicabiIe.
392 1377 595 1468 Porphyrius
623 1379 654 1443 in
683 1381 921 1447 introductione
941 1379 981 1444 ad
1006 1402 1062 1444 ca-

225 1467 362 1556 tegorias
389 1467 593 1534 substantiam
622 1469 684 1532 hoc
710 1465 776 1537 fere
806 1469 905 1542 modo,
938 1468 1062 1535 dividite

223 1555 401 1624 subtantia
423 1558 473 1624 vei
494 1577 648 1648 corperea
671 1575 737 1639 est,
758 1580 790 1628 et
805 1557 972 1624 constituit
987 1579 1062 1621 cor-

225 1666 305 1734 pus,
334 1647 386 1710 vei
404 1667 456 1726 ¹est
479 1651 689 1736 incorporea,
714 1667 745 1715 et
764 1663 923 1738 repugnat
946 1666 1064 1734 corpo-

224 1735 276 1814 ri,
305 1733 490 1820 diciturque
510 1736 648 1823 spiritus.
675 1737 761 1804 Tum
788 1757 906 1825 corpus
936 1735 989 1801 vel
1018 1749 1065 1802 est

223 1827 428 1901 animatum,
463 1838 498 1888 et
534 1825 699 1890 constituit
732 1829 842 1892 vivens
866 1825 917 1891 vel
958 1828 1066 1890 inani·

224 1927 373 1989 matam,
401 1931 432 1974 et
453 1931 609 2000 repugnat
626 1913 756 1984 viventi.
771 1917 897 1985 Vivens
911 1911 1065 1980 dividitur.

221 1999 501 2080 instantiarum,
528 2001 620 2090 quod
650 2022 698 2068 est
727 2004 840 2070 animal
868 2021 901 2069 et
942 2003 974 2065 in
1014 2005 1066 2066 in·

226 2091 439 2169 sensitivam,
461 2093 554 2178 quod
579 2091 704 2157 animali
733 2110 900 2182 repugnat.
940 2088 1066 2156 Animal

228 2198 306 2242 vero
323 2177 383 2244 nel
409 2177 575 2246 rationale
604 2197 671 2261 est,
700 2198 733 2247 et
761 2177 927 2247 constituit
959 2179 1065 2244 homi-

131 2339 133 2344 .
226 2288 320 2347 nent,
349 2269 400 2333 vel
424 2269 646 2350 irrationale,
677 2287 708 2336 et
734 2271 896 2337 constituit
926 2267 1066 2334 brutum.

166 2395 169 2401 ·
228 2353 340 2421 Homo
369 2356 505 2444 denique
526 2359 585 2420 sub
600 2379 632 2423 se
648 2360 788 2427 continet
805 2356 990 2434 individua,
1006 2361 1066 2423 So·

227 2451 374 2523 etatem,
412 2444 576 2512 Platonem
612 2466 675 2514 cet.
717 2445 759 2512 ln'
789 2449 943 2512 divisione
979 2448 1068 2536 igitur
1113 2455 1114 2460 ’

141 2543 144 2550 '
230 2555 309 2613 seu,
333 2551 371 2598 ut
395 2552 512 2624 vocant
525 2583 536 2614 ,
551 2532 665 2602 arbore
678 2536 901 2627 porphyriana
917 2553 980 2600 tres
997 2551 1068 2602 sunt

147 2647 150 2654 ⁴
228 2623 397 2690 columnae
420 2641 474 2686 seu
503 2625 611 2690 lineae.
641 2627 745 2690 Prima
763 2644 815 2692 vest
838 2623 964 2703 media,
987 2641 1069 2713 quae

228 2709 362 2776 directa
391 2710 526 2791 dicitur,
555 2715 587 2777 in
615 2736 678 2800 qua
708 2737 844 2802 genera,
879 2715 997 2800 species
1039 2729 1069 2786 et

230 2799 395 2866 individua
423 2802 647 2882 continentur,
676 2805 794 2870 scilicet
821 2823 920 2892 genus
955 2823 1069 2890 supre-

147 2979 152 2986 .
231 2911 340 2969 ntum,
376 2911 430 2959 ens
464 2908 496 2956 et
522 2911 654 2982 genera,
686 2911 742 2961 seu
767 2893 888 2982 species
910 2890 1070 2968 ,subalter-
