2264 3420
158 139 161 144 .
194 99 240 172 94
458 91 644 144 mmet.
668 95 803 146 turcos.
1103 2 1107 127 l

193 191 238 248 se,
248 183 280 235 et
290 166 321 232 in
329 167 545 233 unotubiecto
558 161 663 236 &unia
677 187 740 232 non
756 164 979 256 distinguere,
991 169 1082 236 ideo·
1106 197 1107 238 ι

192 281 257 347 que
280 256 445 322 limitatum
460 276 527 321 esse
546 271 614 319 tum
634 253 855 322 materialiter
868 277 930 322 seu
957 262 1083 326 ratione

193 345 311 410 obiecti
322 389 331 422 ,
343 361 411 408 tum
417 342 611 425 formaliter
627 365 686 410 seu
695 343 815 409 ratione
830 345 936 422 modi,
951 369 994 410 ac
1005 371 1081 434 pro·
1106 355 1107 394 l

190 432 1079 520 tndeabtnrettecrumaximoinfinitedistareunusquts·

193 543 258 608 qne
268 521 603 607 continuoerrperitur.
618 521 724 598 Quare
735 539 824 608 patet
832 521 958 586 veritas
968 526 1076 612 vulga-

192 615 328 676 tissimae
346 612 519 676 sententiae
530 628 545 670 t·
569 615 716 698 maxima
725 629 810 697 pars
822 631 966 689 eorum,
994 634 1072 700 quat

193 703 339 777 scimus,
365 712 415 762 ert
441 699 574 762 minim
595 707 728 775 torath,
756 717 841 786 quat
866 704 1047 766 nescimus.

238 785 305 852 Ill.
350 783 390 850 In
405 786 506 872 logica
516 781 723 863 ostendimus,
734 803 794 851 tres
805 805 875 850 esse
893 788 1069 854 intellectus

195 875 396 960 operationes
404 871 591 958 ,dequibus
602 873 729 958 quidem
741 873 1061 962 operationibusrrtis
1106 891 1107 902 ¹

195 961 266 1028 fuse
284 962 475 1028 dictumest.
493 961 601 1040 Quare
615 981 679 1025 non
695 979 763 1040 est,
783 961 874 1049 quod
896 961 969 1028 hoc
987 985 1055 1053 argu·

193 1067 337 1117 mentum
350 1049 462 1116 iterum
471 1067 666 1116 revocemus.
678 1051 792 1117 Varias
805 1049 984 1116 dumtaxat
995 1065 1062 1118 uren·

194 1140 235 1204 tis
253 1137 417 1222 facultates
431 1153 528 1223 atque
541 1135 768 1226 dispositiones
787 1139 1066 1220 considerabimus,

195 1249 234 1294 ea
248 1245 371 1292 tantum
385 1225 589 1312 explicaturi,
608 1224 651 1290 de
670 1226 783 1312 quibus
803 1227 1066 1295 verba'bactenus

196 1333 262 1378 nou
278 1312 419 1378 fecimus.
439 1312 529 1379 Inter
541 1315 639 1377 varias
659 1316 770 1379 mentis
782 1312 959 1381 facultates
974 1320 1067 1405 primo

196 1403 271 1468 loco
287 1399 557 1468 considerabimus
567 1405 788 1468 attentionem.
799 1404 915 1467 Anima
926 1405 988 1470 sibi
1001 1427 1068 1470 con·

196 1491 262 1556 scia
276 1507 323 1558 est
333 1511 461 1568 eorum,
475 1510 557 1577 quae
571 1489 659 1554 simul
673 1509 824 1579 percepta
838 1491 1024 1581 distinguit3
1037 1517 1068 1560 ea

196 1597 302 1646 cutem
314 1597 331 1644 a
341 1578 518 1646 seinvicem
533 1577 624 1643 distin
650 1578 715 1656 uit,
726 1599 861 1665 quorum
873 1581 935 1645 sibi
948 1582 1068 1647 conscia

197 1685 259 1734 est.
277 1669 465 1756 Vtrumque
476 1668 506 1730 in
521 1663 612 1731 nobis
627 1599 719 1734 lacile
732 1670 927 1756 experimur.
941 1672 975 1734 Si
987 1673 1067 1760 igitur

195 1757 298 1822 anima
312 1757 341 1819 in
355 1756 559 1844 perceptione
573 1755 666 1819 totali
685 1755 1068 1846 partiales'perceptionet

195 1845 378 1933 distinguit,
394 1865 497 1911 rerum
511 1859 730 1930 perceptarum
744 1844 800 1910 sibi
815 1846 947 1910 conscia
961 1866 1030 1926 est,
1043 1862 1068 1914 et

196 1939 266 1999 vice
276 1955 365 2000 versa
377 1934 401 1998 si
416 1953 518 1999 return
532 1947 752 2018 perceptarum
764 1931 820 1996 sibi
832 1935 965 2014 conscia
977 1955 1036 2014 est,
1044 1939 1067 2002 in

148 2043 160 2084 ι,
197 2023 402 2110 perceptione
423 2019 516 2086 rotali
536 2018 681 2106 partiales
703 2021 887 2109 distinguit,
912 2039 947 2089 et
962 2023 1069 2090 ideosi

197 2109 419 2198 perceptiones
429 2107 569 2197 singulae
580 2107 726 2193 partiales
740 2108 897 2176 obscurae
914 2113 1068 2193 sunt,ani·

153 2229 155 2232 ·
197 2221 269 2276 rna,
286 2219 365 2283 quae
376 2218 427 2263 eas
440 2196 630 2284 distinguere
642 2195 769 2284 nequir,
786 2219 887 2263 terum
902 2221 1069 2288 percepta·

197 2309 270 2354 rum
288 2285 343 2372 sibi
359 2285 486 2350 conseia
498 2302 566 2350 esse
581 2303 777 2378 nonpotest.
792 2285 952 2352 Nascitur
967 2289 1067 2376 itaque
1090 2326 1095 2350 .

198 2377 416 2450 conscientia,
436 2389 530 2462 quam
545 2371 638 2437 etiam
655 2376 941 2462 apptrceptt'onem
962 2377 1068 2442 dicunt

197 2461 1068 2550 metaphysici,exclaritateperceptionumpartialium,

198 2571 283 2635 quae
297 2551 430 2614 totalem
444 2565 660 2636 componunt,
675 2567 707 2614 et
723 2573 759 2616 ea
773 2549 917 2616 claritate
939 2553 1067 2632 sublata,

198 2637 301 2702 anima
314 2659 429 2713 return,
442 2657 519 2718 quas
532 2636 621 2700 simul
634 2637 790 2724 percipit,
803 2638 859 2703 sibi
869 2642 1001 2706 conscia
1012 2663 1068 2706 non

198 2741 259 2790 est.
269 2721 680 2802 l’orrofacultasefficiendi‚
690 2726 763 2789 utin
776 2729 984 2813 perceptione
993 2751 1067 2793 corn·

92 2858 95 2868 .
241 2811 298 2873 sita
307 2831 379 2897 pars
392 2832 453 2875 una
464 2830 538 2896 prae
548 2811 660 2894 ceteris
673 2811 821 2878 maiorem
832 2814 1014 2894 claritatem
1022 2819 1068 2884 ha·

195 2832 283 2974 llas,
293 2897 408 2969 dicitur
419 2902 570 2962 attentio.
585 2899 679 2964 Hanc
693 2917 796 2965 autern
809 2898 997 2969 facultatem
1011 2907 1068 2971 ani-

196 3005 270 3050 mae
283 2985 471 3064 co'nvenire,
488 2985 678 3072 experientia
694 3005 794 3077 patet.
807 2989 898 3055 Nam
910 2990 990 3058 dum
1003 3017 1069 3082 per·
