2300 3506
211 135 254 197 14
445 135 646 188 rrtsrttvt.
668 133 815 188 turnus.

208 201 309 283 bare,
334 225 446 270 avaros
464 227 528 270 non
545 227 611 272 esse
625 201 753 283 felices,
771 205 815 269 sic
833 203 1052 296 argumentari·

207 292 282 360 licet
299 319 308 358 r
326 297 428 360 artari
439 293 544 360 multa
557 293 753 360 desiderant
767 317 783 374 ,·
796 298 855 383 qui
866 293 973 360 multa
985 295 1048 362 dr·

210 382 387 459 siderant,
421 380 534 448 multis
560 399 681 470 egente
706 387 765 474 qui
791 380 904 450 multis
937 397 1048 472 egent,

210 485 287 536 sunt
308 472 420 536 miseri
429 494 446 548 ,·
469 474 529 558 qui
547 486 624 537 runt
647 474 787 550 miseri,
803 494 863 538 nort
877 486 953 536 τινα
962 469 1051 549 feli-

203 579 264 630 ,ces
280 580 296 634 ,·
312 579 387 647 ergo
410 563 509 626 avari
527 581 587 626 nore
609 576 683 626 srrrrt
687 558 820 642 felices.
844 560 972 630 Verum
985 557 1048 628 hae

211 667 319 716 omues
341 647 654 737 argumentationes,
676 665 895 736 quotcumque
942 668 1048 734 ropo-

210 736 373 803 sirionibus
386 755 532 804 constent
550 782 561 818 ,
581 739 624 804 ad
636 737 897 829 syllogismorum
912 670 1048 804 liarmam

212 823 322 892 reduci
347 845 492 914 possunt.

255 911 321 980 ΙΙΙ.
367 911 406 982 In
434 912 520 980 omni
543 914 815 1003 argumentatione
839 913 907 988 duo
931 910 1046 980 <listin-

211 1001 336 1091 guenda
353 1020 452 1084 sunt,
475 1007 617 1070 materia
628 1019 661 1070 et
672 1000 787 1084 forma
818 1000 953 1074 Materia
969 1017 1046 1068 sunt

209 1094 443 1179 propositiones
468 1110 500 1160 et
516 1094 638 1158 termini
655 1135 665 1170 ,
680 1111 719 1158 ex
742 1089 857 1178 quibus
872 1111 1046 1180 argumen-

210 1182 290 1246 tario
311 1199 460 1258 constat;
480 1181 720 1269 propositiones
742 1180 871 1268 quidem
901 1181 1045 1246 materia

205 1275 362 1356 proxima
379 1315 389 1348 ,
410 1271 531 1334 termini
554 1291 632 1336 vero
646 1274 787 1334 materia
804 1282 939 1334 remota.
956 1268 1045 1332 For·

210 1377 261 1418 ma
275 1358 552 1448 argumentationis
567 1379 613 1424 esr
629 1360 902 1445 rproposirr'orrunt
921 1371 954 1421 rr
971 1371 1044 1424 trr-

210 1449 367 1514 minorum
376 1492 386 1526 ,
400 1469 458 1514 sru
475 1451 635 1514 materiae
651 1461 721 1513 tam
740 1450 930 1534 proximae,
946 1461 1045 1532 quam

211 1551 355 1603 remotae
391 1535 443 1602 ad
475 1532 730 1602 concludendum
753 1549 837 1621 apra
861 1533 1044 1619 dispositio.

211 1622 322 1700 Quare
341 1626 364 1688 si
381 1646 420 1690 ex
443 1623 615 1710 praemissis
632 1640 784 1710 sequatur
798 1621 980 1698 conclusio,
995 1641 1044 1685 ar·

212 1711 454 1798 gumentationis
481 1710 581 1776 forma
606 1713 742 1799 legitima
763 1730 835 1786 est;
858 1711 905 1774 sin
930 1711 1043 1789 minus,

212 1800 314 1864 forma
333 1817 380 1865 est
396 1800 519 1865 viriosa.
542 1797 581 1864 In
607 1803 710 1887 primo
737 1821 812 1864 casu
826 1817 1044 1887 argumentum
1138 1865 1139 1872 χ

211 1888 325 1956 dicitur
347 1908 415 1953 esse
430 1885 604 1969 informa,
621 1888 652 1952 in
674 1887 815 1954 secundo
842 1911 903 1952 nou
916 1910 986 1952 erse
1010 1888 1042 1952 in

201 1974 328 2060 forma.
357 1978 598 2063 Argumentatio
614 1976 724 2040 vitiosa
739 1995 786 2042 est
802 1976 922 2042 rarione
946 1990 1043 2040 mate·

212 2068 276 2130 riae
294 2063 342 2142 ,si
366 2065 471 2152 aliqua
502 2066 680 2152 propositio
708 2062 783 2130 falsa
808 2065 859 2128 sit.
886 2064 969 2129 Hinc
994 2084 1046 2128 ar·

211 2157 408 2244 gumentario
422 2172 525 2240 potest
541 2175 609 2218 esse
620 2152 759 2240 legitima
774 2153 898 2220 ratione
912 2152 1046 2234 formae,

211 2263 242 2312 et
259 2245 368 2307 viriosa
393 2245 514 2308 rarione
531 2244 703 2320 materiae,
722 2265 759 2308 ac
774 2244 839 2310 vice
854 2250 956 2308 versa.

266 2330 334 2400 lV.
388 2331 450 2398 Sed
491 2329 714 2419 praetermissis
751 2331 800 2396 hic
839 2331 1045 2420 syllogismo-

213 2433 285 2486 rum¹
308 2421 419 2506 regulis
445 2442 477 2484 et
500 2418 629 2497 modis;
650 2443 710 2509 pro
740 2417 917 2484 scholarum
943 2439 1045 2498 more,

213 2507 340 2574 brevius
358 2526 463 2572 tamen
483 2550 492 2584 ,
507 2508 620 2576 deinde
637 2510 856 2597 explicandis,
873 2527 1045 2594 argumen-

213 2599 340 2664 tationis
363 2595 493 2660 alicuius
513 2597 620 2662 virium
638 2620 678 2664 ex
708 2596 859 2668 hactenus
884 2596 978 2662 dictis
996 2592 1047 2662 fa-

212 2686 272 2752 cile
291 2686 432 2772 dignosci
461 2687 589 2772 porerir.
615 2686 737 2752 Etenim
758 2707 856 2770 quum
871 2685 911 2750 ad
935 2685 1041 2773 legiti-

212 2796 297 2840 mam
313 2773 569 2864 syllogismorum
585 2773 716 2838 formam
739 2795 864 2842 neccsse
881 2775 945 2850 sir,
960 2795 1047 2840 cona·

212 2863 388 2934 elusionem
414 2864 482 2934 elici
505 2886 543 2936 ex
575 2863 751 2954 praemissis
767 2887 790 2966 ςΛ
806 2879 939 2952 oportet
961 2881 1045 2940 coo-
