2270 3416
255 123 337 170 taus
355 123 388 167 11
406 123 564 170 truantur.
582 115 666 170 oar&
691 121 751 192 ω.
886 121 949 190 129

57 188 269 256 testimonium
291 193 481 272 attendunt,
505 191 636 258 dubiare
660 205 765 275 posset
787 188 826 256 de
851 189 950 256 liber-

59 291 125 342 tate
141 298 211 356 sua3
227 281 279 348 sed
294 283 439 368 plurimi,
456 295 627 370 postquam
642 279 718 344 iilud
736 279 950 348 conscientiae

61 369 266 434 testimonium
282 372 528 448 consuluerunt,
544 391 608 434 non
629 367 730 433 solum
748 370 788 434 de
806 369 950 436 libertate

56 471 115 515 sua
130 453 321 536 dubitarunt,
336 479 444 524 verunt
460 459 553 526 etiarn
567 458 760 536 docuerunt,
776 456 948 543 hominem,

60 561 121 604 uon
137 565 203 610 esse
219 547 373 624 libetum3
396 569 471 634 ergo
495 547 621 613 libertas
637 549 758 612 animae
779 550 950 632 experiem-

59 629 100 692 tia
122 633 243 716 probari
267 656 331 700 non
356 651 473 724 potest.
500 637 540 699 Et
563 651 648 702 certe
667 636 794 721 quando
816 633 950 722 agimus,

58 721 173 785 conscii
188 725 315 808 quidem
332 725 421 788 nobis
440 745 567 802 sumus,
591 745 648 788 nos
665 743 780 810 sponte
797 746 832 788 ae
849 721 949 790 liben'·

58 821 104 871 ter
117 831 226 899 agere,
251 813 375 878 minime
392 835 468 878 veto
489 815 638 879 sentimus
661 812 690 874 in
715 813 804 876 nobis
830 831 950 896 poten-

52 895 129 959 ·tiam
146 921 207 962 nnn
225 903 355 990 agendi,
372 903 433 966 sine
447 923 508 985 qua
527 903 653 965 libertas
666 921 731 966 esse
746 921 809 962 non
827 920 946 986 potest.

58 981 160 1071 Resp.
193 989 237 1052 N.
265 1007 356 1069 artu,
385 991 472 1060 cuius
502 991 721 1076 probationem
746 991 817 1052 dist.
852 1007 947 1054 neruo

58 1091 166 1136 eorum
178 1121 188 1153 ,
203 1078 254 1164 qui
277 1079 316 1144 ad
339 1081 547 1146 conscientiae
565 1099 636 1142 suae
657 1075 869 1140 testimonium
893 1095 947 1140 at-

59 1162 210 1242 tendunt,
228 1165 368 1232 dubitare
384 1187 494 1255 posset
509 1167 549 1233 de
563 1167 708 1232 libertate
722 1183 795 1241 sua,
814 1163 837 1228 si
856 1161 949 1252 prae'-

57 1248 176 1316 iudiciis
201 1270 231 1319 et
254 1256 411 1320 erroribus
431 1279 495 1320 non
520 1253 736 1342 abriperetur,
766 1254 830 1331 C.,
856 1273 947 1319 secun

56 1337 98 1399 N.
122 1341 216 1406 Multi
238 1343 437 1420 docuerunt,
460 1344 615 1409 hominem
638 1358 702 1406 nun
726 1361 795 1407 esse
811 1341 947 1410 liberum

53 1430 230 1494 exaruinato
265 1434 473 1497 conscientiae
506 1449 582 1497 suae
607 1431 809 1508 testimonio,
840 1453 948 1516 enque

55 1535 114 1578 non
143 1521 280 1598 audito,
305 1521 349 1584 ob
379 1522 566 1607 praeiudicia
596 1537 627 1586 et
657 1539 801 1595 errores,
829 1518 946 1602 quibus

54 1601 156 1669 inlecti
170 1627 273 1674 eraut.
290 1607 377 1675 Inter
392 1631 467 1686 eos,
486 1612 538 1693 qui
556 1609 676 1674 animae
693 1605 868 1671 libertatem
884 1625 947 1670 ne'·

55 1711 181 1778 garant,
204 1697 469 1776 alienissimam,
490 1698 667 1763 libertatem
683 1696 765 1758 illam
780 1694 820 1759 ab
835 1693 946 1760 huma·-

57 1781 86 1842 ni
108 1785 211 1850 cordis
237 1784 470 1851 adfectionibus
492 1807 523 1852 et
545 1786 866 1874 originali'peccato,
893 1783 946 1848 alii

54 1866 91 1932 ab
112 1873 286 1938 invariabili
304 1875 366 1939 bei
388 1875 594 1961 praescientia
615 1871 790 1959 divinisque
810 1872 945 1937 decretis

55 1958 167 2026 violati.
193 1963 254 2026 Sed
277 1961 296 2024 ii
317 1985 425 2036 omnes
447 1965 641 2050 praeiudiciis
663 1961 784 2048 abrepti
807 1979 946 2046 nonaa'-

53 2047 89 2109 tis
103 2049 307 2114 attenderunt
321 2051 362 2116 ad
376 2053 516 2117 intimum
533 2051 684 2116 libertatis
709 2069 782 2116 suae
804 2071 944 2130 sensum,

53 2150 83 2198 et
95 2135 173 2202 dum
184 2139 323 2204 actiones
336 2161 407 2206 suas
423 2139 533 2205 liberas
545 2135 786 2228 expendebant,
802 2159 946 2204 errorum

52 2225 188 2290 tenebris
212 2227 311 2292 veluti
333 2226 606 2305 obcaecabantur,
631 2247 687 2290 nec
716 2225 820 2288 lumen
843 2226 947 2290 inter-

49 2331 123 2374 num
140 2335 362 2402 perceperunt.
378 2317 425 2380 Ea
442 2320 522 2383 enim
542 2333 589 2381 est
603 2313 865 2402 praeiudiciorum
882 2313 941 2392 vis,
1033 2336 1034 2346 ¹

51 2400 131 2464 utin
149 2403 244 2467 rebus
266 2405 360 2471 etiam
376 2409 507 2471 maxime
529 2399 726 2470 evidentibus
749 2401 945 2467 intellectum

51 2509 223 2555 excaecare
256 2497 401 2580 possint,
432 2513 466 2558 ut
491 2494 620 2582 contigit
650 2488 845 2579 philosophis
870 2491 944 2572 illis,

50 2579 104 2662 qui
130 2581 236 2662 omnia
267 2587 319 2649 vel
347 2583 410 2650 fero
437 2584 543 2647 omnia
567 2586 596 2646 iu
623 2581 754 2646 dubium
778 2597 944 2645 vocarunt.

42 2665 105 2728 ,Ad
126 2667 160 2730 id
182 2690 279 2749 vero,
302 2671 392 2758 quod
409 2671 440 2733 in
463 2671 642 2740 obiectione
658 2667 860 2756 adiungitur,
880 2686 945 2734 res-

49 2756 200 2837 pondeo,
227 2779 284 2822 nos
309 2762 452 2824 conscios
479 2781 641 2843 essenon
665 2774 787 2838 tantum
814 2776 945 2843 sponta-

52 2844 175 2906 neiratis
196 2847 251 2910 sed
268 2849 359 2914 etiam
382 2849 553 2927 libertatis,
572 2863 634 2937 qua
650 2867 740 2934 agere
761 2865 944 2934 possumus,

51 2929 102 2993 vel
131 2953 194 2997 non
226 2957 328 3023 agere.
362 2937 402 3000 Et
434 2937 566 3024 quidem
588 2936 699 3002 intimo
735 2935 945 3000 conscientiae

41 3035 155 3171 scopu
184 3022 349 3179 clppssime
389 3027 578 3116 percipimus
616 3022 827 3176 difflerentiam
860 3024 943 3088 inter

124 3131 184 3175 om.
249 3158 259 3178 .
