2298 3418
5 369 7 412 l

251 183 336 232 unns
357 184 416 234 ιη.
439 184 606 235 ructon.
629 187 706 236 unu.
730 189 757 236 r.
869 189 931 263 195

119 263 253 318 nattuor
280 256 457 324 litterarum
488 255 611 324 illarum
640 257 762 325 utilitas
790 259 937 346 mettium.v

129 362 153 404 1
172 343 255 408 varia
276 344 358 410 enim
380 345 505 412 illerum
530 345 735 433 dispositione
756 369 814 436 per
834 367 938 417 artem

5 443 6 450 ’
95 428 302 498 combiuaodi
325 433 429 500 statim
451 451 608 502 eruuntur
630 455 741 505 omnes
767 436 936 526 possibiles

96 517 183 606 tyllo
207 521 360 588 ismotum
384 521 484 588 modi.

140 541 207 672 Ill.
253 606 294 676 In
316 611 416 700 prima
439 613 538 701 figura
558 609 660 679 minor
678 611 777 680 debet
792 631 862 682 esse
882 611 936 682 aft-

94 693 246 778 firmans,
274 714 307 764 et
327 700 426 766 maior
446 700 642 766 universalis.
677 701 766 768 Nam
781 699 812 766 itt
834 703 936 792 prima

94 783 196 872 ligura
218 785 368 854 terminus
389 786 511 856 medius
532 807 580 854 est
601 787 780 856 subiectum
799 791 831 856 iu
854 813 936 880 pro·

94 875 258 957 positione
283 876 424 957 maiore,
451 893 483 943 et
508 877 725 966 praedicatum
748 879 779 943 in
800 877 934 963 minore,

95 959 237 1050 ideoque
261 985 359 1054 quum
383 968 414 1032 iu
438 965 659 1054 propositione
681 956 803 1032 mitiore
825 969 935 1034 termi-

96 1069 159 1114 nus
186 1053 313 1132 minor,
342 1054 396 1143 qui
428 1073 475 1120 est
505 1053 681 1122 subiectum
709 1054 934 1142 conclusionis,

97 1156 302 1206 construatur
315 1161 389 1210 cum
407 1141 540 1221 medio,
567 1143 598 1207 in
614 1143 715 1232 prima
737 1144 835 1232 figura
852 1143 934 1212 sub-

97 1223 218 1292 iectum
245 1231 373 1298 minoris
398 1231 482 1298 idem
510 1246 558 1297 est
584 1253 657 1298 cont
684 1231 829 1298 subiecto
854 1255 937 1302 oon-

96 1313 262 1382 cltnionis.
291 1319 337 1386 Et
358 1321 498 1388 similiter
521 1334 634 1409 patet,
661 1320 691 1386 in
715 1321 825 1388 eadem
848 1323 935 1410 figu-

98 1425 135 1468 ra
159 1407 375 1494 praedicatum
403 1407 529 1476 maioris
549 1407 635 1475 idem
663 1429 732 1475 esse
760 1431 834 1474 cnm
862 1433 936 1476 mt-

98 1490 160 1577 iori
201 1513 346 1564 extremo
384 1519 441 1566 seu
481 1497 665 1586 praedicato
707 1497 937 1565 conclusionis.

99 1583 322 1664 Quamobrem
341 1585 416 1678 quia
433 1587 501 1666 ,·vi
521 1583 608 1654 dicti
627 1582 670 1651 de
690 1588 775 1650 omni
794 1598 827 1675 tt
847 1585 940 1652 trullo

97 1675 132 1741 in
153 1678 360 1746 conclusione
381 1673 556 1741 affirmatur
578 1672 629 1740 vel
648 1690 779 1760 negatur
798 1670 841 1738 de
860 1671 940 1739 subt·

98 1763 188 1832 iecto
210 1767 342 1852 aliquo,
368 1765 458 1852 quod
482 1761 569 1830 omni
595 1762 768 1828 convenite
794 1761 847 1826 vel
870 1781 938 1864 pon

100 1855 450 1942 convenireponitur,
473 1865 505 1917 et
527 1866 694 1940 praeterea
714 1869 814 1939 quum
835 1871 941 1918 mmor

99 1944 315 2032 propositio„
346 1941 439 2008 cuius
469 1937 646 2006 subiectum
671 1937 755 2006 idern
774 1954 834 2006 cut
866 1961 941 2008 cunt

99 2028 245 2097 subiecto
259 2031 491 2108 conclusionis,
514 2029 677 2094 enuntiare
695 2026 813 2094 debeat
822 2073 836 2106 ,
857 2027 941 2094 sub-

98 2117 218 2185 iectum
241 2119 449 2186 conclusionis
477 2115 633 2182 contineri
664 2114 724 2180 sub
754 2114 866 2194 omni,
898 2115 940 2183 de

98 2221 168 2292 quo
186 2211 403 2298 praedicatum
417 2203 591 2288 affirmatur
607 2201 658 2268 vel
673 2217 808 2290 negatur
826 2225 837 2282 ς
870 2205 964 2269 evi-¹
1015 2243 1017 2248 -

100 2296 282 2381 deusest,
314 2297 564 2387 propositionem
589 2291 741 2367 minorem
764 2308 832 2357 esse
858 2288 944 2356 affin·

99 2401 269 2466 mantem,
302 2387 454 2452 maiorem
484 2401 562 2448 vcro
595 2375 815 2456 universalem}
852 2375 945 2444 Idem

100 2469 304 2541 manifestum
323 2477 377 2542 fiet
398 2470 561 2556 exemplis.
588 2469 655 2534 Sint
678 2467 727 2532 isti
749 2465 817 2530 duo
843 2466 945 2556 syllo-

100 2559 216 2652 gismis
244 2567 345 2631 omnis
360 2565 494 2648 sapiens
506 2553 833 2648 'prospicitfuturttm
846 2577 861 2633 ,·
887 2553 950 2624 sni

100 2663 207 2732 pmnes
227 2650 415 2739 philosophi
434 2662 512 2714 sunt
532 2647 723 2734 sapientem
747 2663 824 2730 ergo
840 2666 946 2712 omnes

94 2736 285 2828 philosophi
309 2738 515 2829 prospiciunt
536 2731 707 2816 futurum.
737 2730 862 2823 Nullus
889 2736 950 2824 qui

99 2830 228 2902 ratione
251 2833 384 2903 utitur,
414 2819 593 2914 affectuum
620 2825 743 2906 impetu
761 2819 946 2906 abripitur,·

99 2911 166 2986 ced
187 2913 325 3003 qnidam
350 2913 492 2983 nomines
520 2911 650 3060 calippio
676 2919 847 2986 utentum
873 2927 950 3000 erge

489 3031 497 3046 κ
643 3013 661 3058 2
