2270 3416
290 155 374 206 ttnr
393 155 425 207 tt
444 157 603 208 urtnrrr.
623 151 764 209 onnftr.
900 143 961 230 *97

43 222 213 301 testando
237 224 278 294 ab
309 230 460 308 actione,
497 254 581 320 quae
607 223 806 296 existentiam
839 225 962 309 tribuit,

49 311 148 378 Deus
162 315 332 383 annihilare
356 338 465 405 potest
492 343 538 386 tes
562 337 709 394 creatasr
735 339 810 407 ergo
832 317 963 405 singulis

52 405 226 470 momentis
240 405 389 473 omnibus
410 410 605 475 existentiam
629 408 759 485 tribuit,
783 427 879 494 quum
895 409 986 472 sin-·

52 493 138 578 gulis
155 495 321 558 momentis
338 517 390 560 eas
409 499 509 576 possit
536 497 706 562 annihilare
722 517 790 561 eam
805 495 964 562 actionem

49 579 288 647 subtrahendo.
314 601 370 648 ιη.
400 584 496 652 Entia
525 609 587 649 non
618 587 872 673 producuntur,
905 585 964 649 nisi

51 670 129 754 qnia
144 669 235 735 Deus
249 669 319 736 ruit
333 693 369 738 ea
382 675 560 762 producere
574 697 583 752 3
600 693 663 737 non
678 693 814 762 pergunt
828 693 897 739 esse
913 673 965 737 ni-

49 757 80 819 ti
94 758 252 841 quamdiu
278 760 373 838 vulta
403 763 492 827 Dent
519 764 612 841 vuit,
639 785 675 828 ea
700 783 769 828 esse
786 809 795 842 ,
812 761 963 848 quamdiu

52 864 155 920 sunta
172 865 249 935 ergo
264 847 348 913 Deus
360 871 396 915 ea
409 851 583 938 producere
599 851 702 940 pergit
715 871 809 936 quam
824 851 865 915 riu
877 867 962 914 sunt.

55 931 148 997 Nam
172 955 272 1019 quum
293 937 396 1016 velie,
412 955 446 1002 ut
462 940 551 1030 quod
567 963 630 1004 non
646 956 716 1017 est,
740 939 868 1027 incipiat
883 959 963 1018 esse,

53 1021 90 1086 in
106 1023 183 1088 Deo
209 1023 249 1086 sit
274 1045 337 1092 tem
361 1030 560 1112 creare'35ir2
588 1030 679 1094 etiam
704 1028 803 1104 velie,
822 1044 858 1089 ut
874 1027 966 1114 quod

56 1126 109 1174 est
125 1153 136 1188 ,
166 1130 275 1199 pergat
288 1116 408 1179 tamdiu
424 1129 519 1194 esse,
544 1135 592 1184 est
613 1135 685 1180 roro
710 1133 854 1202 ternpore
869 1114 901 1178 iu
917 1115 962 1182 tei

54 1197 277 1284 productione
299 1223 354 1269 seu
381 1206 542 1271 creatione
568 1224 782 1295 perseverare.

133 1487 136 1490 Ι
178 1377 374 1450 SOLVVN
378 1379 411 1448 T
413 1377 473 1448 VR
488 1376 686 1487 OBIECI
686 1371 838 1450 XONE'S.

124 1553 253 1624 Obiecr.
294 1579 324 1623 1.
360 1559 449 1627 Dens
476 1557 619 1648 negative
655 1574 779 1623 tantum
806 1552 964 1622 creaturae

55 1665 256 1724 conservata
283 1668 358 1736 ergo
376 1663 538 1714 creaturae
550 1669 614 1712 non
637 1647 780 1736 indigent
795 1644 914 1710 directa
931 1653 964 1710 et

57 1735 198 1820 positiva
214 1735 274 1800 Dei
291 1740 543 1804 conservatione.
572 1735 666 1800 Prob.
683 1737 851 1808 'Creatura
869 1732 968 1799 semei·

58 1821 199 1887 existens
217 1823 312 1890 debet
326 1847 545 1913 perseverate,
563 1825 680 1903 modo,
697 1824 785 1890 Deus
801 1824 878 1887 nolit
897 1843 964 1886 earn

57 1910 259 1994 annihilarea
289 1935 364 2002 ergo
386 1914 473 1980 Dens
489 1916 635 2002 negative
665 1931 789 1978 tanturn
804 1929 963 1979 creaturas

56 2019 244 2066 conservat.
268 1999 371 2089 Resp.
385 2003 433 2069 N.
452 2020 517 2068 ant.
535 2005 587 2072 Vt
603 2005 684 2070 enim
710 2019 852 2067 creatura
869 1997 965 2066 senrel

39 2088 200 2154 —etristen's
217 2085 398 2176 perseveret
422 2096 577 2170 existere,
605 2091 774 2179 requiritur
791 2136 800 2169 ,
815 2101 849 2154 ut
877 2089 964 2154 Deus

60 2177 142 2240 velit
159 2181 295 2264 positive
313 2201 402 2259 ,eam
418 2182 446 2243 in
477 2200 532 2245 sua
555 2179 722 2246 existentia
748 2193 967 2267 perseveraretv

57 2265 140 2354 quia
153 2285 295 2332 creatura
320 2268 499 2335 nonhabet
525 2269 724 2334 existentiam
751 2267 808 2348 nisi
823 2266 965 2350 ¹depen-

59 2353 193 2420 dentem
208 2375 239 2420 et
255 2359 426 2441 precariam
444 2404 453 2436 ,
478 2375 632 2442 quatenus
649 2355 710 2442 ipsi
735 2349 857 2420 datura
877 2353 965 2418 Deo.¹

61 2441 170 2508 Vnde
194 2443 218 2508 si
240 2445 328 2510 Dens
355 2465 453 2512 cessat
476 2447 530 2532 ipsi
555 2444 631 2512 dare
652 2445 870 2520 existentiam,
896 2459 980 2507 eanr‘

63 2531 127 2618 ipsi
143 2534 315 2598 necessario
330 2533 442 2601 auferre
467 2532 509 2598 Et
523 2536 650 2621 quidem
664 2551 805 2598 creatura
821 2579 834 2612 ,
859 2550 893 2597 ur
911 2533 968 2597 di-

62 2620 191 2698 ximus,
219 2643 282 2687 non
308 2641 415 2710 potest
433 2623 592 2688 annihilari
607 2623 660 2711 per
682 2623 836 2698 actionem
853 2619 966 2707 positi-

65 2731 150 2775 vam.
173 2713 322 2799 Superest
345 2729 442 2800 ergo,
469 2714 609 2778 ut‘Deus
623 2709 967 2776 creaturamanniiriiet

66 2803 241 2889 negarine,
265 2803 437 2867 desinendo
459 2803 575 2866 sciiioet
591 2802 648 2889 ipsi
663 2799 735 2866 dare
755 2797 963 2866 existentiam.

135 2887 259 2955 Obr‘ect.
276 2892 410 2981 2.0pus
429 2891 617 2957 arreiactum
633 2905 773 2955 remanet
791 2890 856 2952 sine
870 2887 969 2950 altera

70 2977 191 3045 actione
217 2980 355 3067 positiva
377 2980 528 3058 artificirr
553 2995 671 3068 ergo'a
688 2977 764 3064 ‘pari
792 2991 965 3051 creaturae,

67 3067 165 3134 semei
186 3087 319 3161 accepta
349 3063 517 3140 existentia
532 3060 887 3152 ,areoaeoine'rmrom
902 3076 967 3127 uon
