2264 3420
406 123 494 181 rnna
509 135 538 180 11
554 133 713 192 utantur.
732 133 810 180 oar.
830 133 878 180 11.

287 200 415 270 Obiect.
442 225 468 270 2.
488 203 602 268 Motus
618 202 659 268 ad
674 203 841 270 cerebrum
857 223 979 293 nomon

219 306 275 358 tur
290 313 349 381 per
362 313 476 370 nervos
492 337 501 373 ,
519 293 573 378 qui
586 291 627 357 ad
638 291 803 370 cerebrum
818 314 882 359 non
898 292 979 380 perti

223 381 279 447 sed
291 380 420 446 sensorii
437 383 524 446 nervi
537 380 740 468 complures,
754 383 898 446 nimirum
910 379 953 445 60
966 424 976 459 ,

221 468 358 536 medulla
373 469 656 558 spinaliprodeunt
672 517 684 549 ‚
704 469 750 534 ‚ad
763 469 927 536 cerebrum
946 491 979 534 nr

221 558 425 635 tenduntur;
448 579 524 644 ergo
549 577 652 624 motus
674 560 775 624 nervis
798 559 940 624 sensoriis
969 555 977 618 i

220 667 272 712 sus
286 647 326 713 ad
337 645 501 712 cerebrum
514 667 614 735 usque
628 669 691 712 non
706 665 915 736 propagatur.
933 646 979 712 Re

220 735 296 801 mai.
315 735 360 800 N.
384 737 460 800 min.
483 735 568 800 Nam
590 737 726 802 medulla
753 736 880 822 spinalis
901 753 949 800 est
977 767 979 790 ι

216 823 315 913 ipsius
332 845 383 890 seu
400 824 555 890 medullae
568 822 758 914 oblongatae
772 824 942 912 productio
959 867 968 901 ‚

215 912 269 977 ‘vis
284 929 412 976 constat
427 913 466 976 ad
487 911 653 980 cerebrum
673 933 775 998 usque
801 913 968 998 protensis.

219 1001 281 1079 fit,
311 1018 346 1063 ut
361 999 392 1062 in
405 1000 618 1066 vertebrarum
630 1003 715 1066 dorsi
730 998 944 1066 lunationibus
960 1023 979 1062 n

162 1131 171 1139 ·
220 1089 367 1174 corporis
383 1087 461 1154 infra
474 1090 665 1155 luxationem
682 1090 788 1178 posita
805 1109 836 1156 et
849 1106 971 1153 motum

152 1199 155 1238 t
220 1175 424 1256 sibilitarem‚
442 1199 553 1266 quaea
569 1179 672 1254 nervis
683 1175 762 1246 infra
779 1177 974 1244 luxationem

221 1267 301 1332 tutis
313 1266 474 1351 pendent,
492 1268 646 1332 amittant.
663 1269 741 1333 Sunt
757 1270 864 1356 itaque
878 1267 979 1343 nervii

153 1375 157 1416 r
217 1352 387 1422 cerebrum
402 1356 431 1421 in
445 1375 552 1424 omnes
567 1356 710 1443 corporis
724 1374 828 1444 partes
843 1355 979 1424 diffusam

251 1519 253 1524 Ι
290 1441 415 1508 Obiect.
439 1457 471 1531 3.
484 1443 618 1530 Reperti
635 1465 706 1510 sunt
719 1445 861 1510 homines
869 1489 881 1521 ,
896 1442 977 1528 quis

153 1557 160 1596 r.
218 1527 317 1596 rebro
332 1530 483 1598 vivebant
496 1554 533 1596 ac
548 1533 703 1600 sentiebat
720 1557 729 1612 3
746 1556 822 1621 ergo
836 1532 979 1624 adanim

152 1673 153 1686 ,
219 1636 377 1685 sationem
389 1641 588 1686 necessenon
602 1639 669 1700 est,
682 1638 717 1685 ut
730 1643 834 1687 motus
846 1622 946 1688 nervis
956 1640 979 1682 st

152 1718 162 1801 l
220 1707 398 1796 impressus
413 1708 453 1774 ad
468 1709 633 1774 cerebrum
646 1731 747 1796 usque
772 1727 975 1799 propagetur.

152 1837 163 1884 l
222 1795 384 1860 distant.
408 1795 556 1863 vivebant
571 1815 602 1862 et
623 1797 800 1866 sentiebant
818 1799 882 1864 sine
902 1797 979 1860 maxi

153 1897 164 1953 ’,ε
220 1883 307 1950 rebri
323 1901 435 1972 parte,
450 1883 493 1950 C.
510 1930 535 1964 ,,
551 1885 617 1954 sine
641 1888 812 1974 ullaipslus
839 1903 947 1973 parre,
971 1885 979 1947 l

162 2025 166 2034 ,,
219 1992 256 2040 et
270 1995 361 2038 cons.
378 1971 418 2038 In
431 1973 487 2038 illis
505 1992 570 2042 erat
587 1974 712 2062 spinalis
726 1975 862 2042 medulla
875 2019 894 2053 ,⁴
912 1973 979 2040 etit

155 2072 166 2128 'r
220 2062 384 2151 principio
397 2062 578 2147 potuitesse
596 2065 740 2151 specialis
760 2063 913 2150 quaedam
932 2081 979 2128 str

157 2175 167 2199 r
222 2172 291 2236 qua
306 2147 378 2237 pars
388 2151 439 2216 illa
451 2167 527 2238 apta
539 2150 632 2218 fiebat
644 2197 653 2231 ‚
667 2171 701 2220 ut
713 2151 831 2218 cerebri
839 2172 970 2216 munere

153 2255 166 2327 l]
219 2240 318 2304 'tenos
332 2235 525 2328 fungeretur.
541 2237 694 2306 Ceterum
708 2240 870 2307 verisimile
883 2255 927 2302 est
938 2237 979 2314 ,b

152 2352 169 2406 22·
224 2327 303 2390 illos
319 2327 461 2412 stupidos
485 2327 657 2394 admodum
673 2340 768 2414 atque
785 2325 914 2394 hebetes
938 2323 979 2388 lui

165 2441 170 2480 s
229 2433 339 2480 autem
352 2416 382 2478 in
397 2415 550 2502 aliquibus
565 2417 657 2482 etiam
669 2415 805 2484 abfuerit
817 2413 942 2502 spinalis
953 2435 979 2476 m

224 2505 424 2570 necessariae
439 2503 531 2568 huius
547 2506 644 2590 partis
667 2507 749 2571 vices
768 2525 876 2594 gerere
899 2501 979 2569 debu

228 2592 292 2656 alia
304 2637 318 2672 ,
331 2613 551 2681 quaecumque
567 2591 669 2658 fuerit.
694 2593 836 2660 Tandem
853 2609 958 2680 partes
974 2591 980 2652 i

155 2712 173 2759 ,e
228 2675 327 2747 fuisse
342 2725 352 2759 ,
370 2703 409 2746 ex
422 2684 492 2769 ipsa
507 2677 695 2746 cadaverum
705 2685 841 2750 sectione
856 2697 888 2746 et
902 2679 979 2759 obse

156 2795 173 2869 tl!
228 2791 272 2835 ne
284 2769 461 2836 anatomica
474 2769 629 2848 innotuit3
646 2771 707 2836 fieri
721 2789 826 2836 autem
839 2767 962 2853 potuit,
978 2792 979 2816 1

154 2881 174 2939 n
224 2872 275 2922 tes
298 2856 367 2922 illae
390 2859 421 2922 vi
436 2859 537 2946 ‚ipsius
565 2857 665 2924 morbi
685 2869 899 2948 corruptae'et
920 2853 979 2920 obli

153 2959 175 3031 ξφ
220 2947 384 3034 perierint.

289 3032 414 3117 Olirct.
441 3051 475 3114 4.
501 3031 534 3100 Si
546 3045 701 3126 serpentes
719 3077 729 3116 ,
748 3031 886 3101 lacertae
898 3029 979 3118 allaq
