2258 3428
243 157 306 222 124
412 183 417 189 -
480 160 667 210 lusrrrvn.
695 165 833 212 curuos.
871 165 903 178 ’·

238 249 332 320 cepta
357 230 388 294 in
405 230 579 320 disciplinis
593 252 625 298 et
641 235 759 299 artibus
784 231 939 300 vocabuli
956 255 1078 302 secun-

237 321 314 386 dum
348 321 507 407 propriam
534 345 644 388 eorum
669 323 936 410 significationem.
963 325 1075 403 Quum

239 411 320 474 enim
355 410 387 472 in
420 413 552 476 scientiis
581 431 612 476 et
639 412 759 481 artibus
789 414 922 498 plurima
954 414 1077 478 distin-

237 497 363 586 guenda
387 497 448 562 sint
462 544 473 576 ‚
500 521 583 586 quae
608 501 704 588 vulgo
730 499 993 584 confunduntur:
1013 525 1079 568 tre-

236 609 322 652 ccsse
338 584 395 650 fuit
411 631 420 664 ‚
440 587 550 656 haruin
567 609 669 653 rerunt
691 591 818 652 nontina
833 591 948 678 lingere
962 636 973 669 ,
987 613 1080 678 quae

237 677 268 740 in
290 677 449 740 commrrni
465 697 607 744 sermone
630 699 694 744 non
717 678 909 744 adhibentur
925 723 934 758 ,
950 679 1078 745 ethaeo

236 765 366 850 quidem
385 765 550 832 ¹vocabula
579 767 780 853 appellantur
804 767 987 849 trebnica,
1014 769 1078 833 hoc*

236 870 308 929 est,
332 851 448 918 artibus
465 875 495 922 et
521 855 690 939 disciplinis
717 857 857 942 propria.
885 856 987 922 Porro
1005 856 1073 946 quis

236 941 399 1030 loquimur
428 959 464 1008 ut
494 945 734 1030 intelligamur,
760 943 800 1009 ab
832 965 890 1008 usu
918 945 1067 1033 loquendi

235 1030 269 1094 in
302 1034 462 1096 communi
492 1053 636 1098 sermone
673 1032 884 1098 recedendum
915 1055 981 1098 non
1014 1053 1069 1114 est,

236 1140 296 1186 nee
318 1121 348 1185 in
375 1119 540 1206 disciplinis
560 1145 577 1186 a
594 1141 723 1208 recepta
743 1121 977 1188 vocabulorum
1007 1124 1072 1214 sig-

235 1209 442 1287 nificatione,
465 1209 601 1297 ideoque
625 1231 746 1292 semper
758 1210 915 1277 utendum
935 1229 983 1277 est
996 1235 1073 1278 ver-

236 1296 283 1360 bis
311 1297 458 1383 propriis.
480 1295 570 1368 Idem
598 1297 790 1367 vocabulum
813 1301 888 1364 duas
916 1301 968 1366 vel
997 1301 1076 1386 plu-

234 1407 284 1452 res
300 1387 538 1474 significationes
553 1388 694 1474 proprias
709 1387 825 1453 habene
840 1404 960 1474 potest,
976 1407 1074 1476 prout

235 1473 359 1540 duabus
380 1476 431 1542 rel
458 1477 602 1564 pluribus
628 1474 746 1552 rebus,
764 1483 901 1566 quarunt
926 1478 1071 1542 notiones

234 1562 412 1643 habemus,
449 1565 657 1653 significandis
687 1565 876 1632 destinatur.
907 1566 958 1630 Sic
990 1567 1072 1630 idem
1111 1613 1112 1654 p

236 1653 430 1718 vocabulum
460 1656 490 1718 in
523 1658 589 1726 vita
616 1656 776 1718 communi
807 1675 838 1720 et
870 1655 902 1717 in
930 1671 1001 1720 arte
1022 1655 1072 1718 vel

236 1741 402 1827 disciplina
417 1742 522 1829 aliqua
546 1744 625 1806 duas
646 1764 739 1830 saepe
753 1741 848 1807 habet
864 1742 1074 1830 significatio-

236 1851 291 1894 nes
310 1830 453 1915 ptopriss
483 1834 561 1894 cirta
584 1831 680 1896 ullam
709 1829 943 1896 confusionem.
969 1831 1000 1894 Si
1024 1855 1077 1896 ve·

235 1939 273 1982 to
301 1916 490 1996 vocabulum
508 1917 641 2006 aliquod
665 1942 683 1983 a
708 1921 932 2006 significatione
948 1923 1078 2004 propris

236 2003 423 2072 transfertur
447 2009 487 2070 ad
519 2006 755 2095 significandam
781 2031 846 2072 rern
873 2009 988 2085 aliam,
1019 2031 1077 2072 suo

234 2093 396 2160 vocabulo
423 2099 554 2182 proprio
576 2117 641 2160 non
672 2095 883 2173 destitutam,
910 2095 954 2160 ob
969 2099 1079 2160 simili-

234 2185 375 2250 tudinem
414 2187 585 2272 quamdam
612 2208 621 2260 ;
650 2185 833 2272 significatio
870 2186 928 2250 ista
961 2185 1076 2250 dicitur

233 2275 441 2362 impropria,
470 2295 502 2339 er
522 2296 586 2338 vox
601 2277 760 2361 impropie
785 2275 855 2360 (seu
872 2273 1078 2359 metaphori-

233 2363 297 2448 ce)
320 2367 402 2427 sumi
428 2362 575 2440 dicitur,
604 2382 636 2428 et
669 2362 1076 2450 impropriarappellatut.

234 2449 273 2514 E.
299 2473 330 2537 g.
347 2472 463 2514 nomen
493 2449 605 2516 oculus
631 2451 765 2539 proprie
793 2451 926 2514 sumitur
942 2473 1003 2537 pro
1021 2473 1079 2513 or-
1109 2449 1110 2476 ³

234 2560 318 2624 gano
338 2539 479 2602 visionis.
494 2541 522 2602 Si
544 2541 654 2606 endem
678 2561 742 2603 vox
765 2536 955 2606 transfertur
971 2538 1011 2603 ad
1028 2541 1079 2602 in-

232 2629 397 2693 tellectum
426 2672 436 2705 ,
469 2630 522 2714 qui
550 2631 673 2694 dicatur
695 2627 808 2691 oculus
838 2628 978 2704 mentis,
1010 2645 1078 2691 tum

231 2716 286 2780 illa
315 2716 487 2802 improprie
525 2717 670 2780 sumitur.
709 2716 739 2778 Si
769 2715 962 2781 vocabulum
987 2758 998 2791 ,
1026 2715 1077 2779 cui

165 2833 167 2838 ·
232 2783 362 2892 propria
375 2804 532 2891 quaedam
560 2805 744 2886 significatio
757 2804 937 2890 competit,
953 2803 1079 2890 p'raere-

231 2914 283 2959 rea
312 2892 355 2957 rei
383 2892 473 2958 alteri
501 2891 722 2980 significandae
753 2893 958 2968 destinatur,
989 2894 1076 2954 cuius
