2264 3420
280 109 375 160 rans
388 109 421 158 rr
440 109 601 158 ιιιτιιιιι.
622 109 698 158 ont.
723 107 765 158 ιι.
918 103 962 180 37

22 205 38 252 r·
77 177 177 246 nem
190 177 281 246 fibris
291 182 430 247 nervosis
443 180 615 248 rendinosis
627 197 661 248 et
674 177 805 246 vasculis
814 176 966 267 sanguise·

21 301 36 342 ς
80 267 127 332 ris
144 271 370 348 intertextum,
387 270 499 356 inquo
516 271 667 356 copiosae
689 267 826 358 papillae
838 265 965 357 pronti·

20 391 30 432 ι
82 373 185 436 nent,
202 375 235 424 et
250 362 338 426 cuius
353 358 431 426 sulci
449 380 486 424 ac
502 359 571 448 pori
587 381 652 448 pro
668 357 833 428 exhalante
848 355 965 424 sudore

21 483 30 522 ι
83 465 158 510 curn
178 447 318 514 cuticula
334 465 408 512 sunt
427 468 635 526 communes,
656 447 734 534 tegit
757 447 837 512 cutis
857 461 965 536 partes

18 571 28 612 e
84 531 295 614 subiacentes,
306 539 339 600 ri
354 557 409 600 sua
421 537 657 624 constringente
670 555 805 624 vapores
821 533 964 624 expellit,

17 661 27 702 ς
82 639 193 708 estque
205 623 250 688 ob
264 626 418 714 insignem
432 623 665 692 sensibilitatem
678 645 834 714 organum
847 639 963 690 tactus.

16 753 26 792 μ,
80 753 101 782 --.
151 711 317 778 Dividitur
333 734 451 802 corpus
466 714 496 778 in
513 730 634 800 caput,
655 732 803 778 truncum
820 729 852 778 et
867 730 965 780 attus.

14 843 18 880 r
81 797 197 888 Caput
213 819 261 868 est
280 823 429 890 suprema
444 801 590 890 corporis
607 822 679 891 pars
705 797 860 888 globosa,
885 821 969 889 quae

13 933 24 970 ,
77 890 262 956 cerviciseu
278 891 364 956 collo
378 889 632 956 incumbit.0ssa
644 891 756 978 capitis
767 891 968 956 constituunt

12 1021 22 1061 ς
80 981 239 1042 martium
260 995 291 1044 et
317 975 487 1044 maxillas.
506 977 665 1046 Cronium
687 995 733 1044 est
753 977 851 1044 veluti
875 975 968 1046 theca

11 1109 20 1150 ῃ
81 1084 183 1132 ossea
198 1065 377 1146 durissima,
393 1069 422 1132 in
437 1067 525 1132 cuius
539 1069 644 1154 ampla
656 1067 790 1132 cavitate
803 1063 967 1146 cerebrum

10 1201 18 1240 :
85 1155 280 1220 continetur.
304 1155 455 1220 Cranium
490 1153 642 1241 dividitur
670 1157 700 1220 in
729 1151 884 1242 sincipud
912 1173 968 1242 seu

9 1294 16 1328 ,
83 1258 211 1328 partem
224 1245 411 1311 anteriorem
424 1263 497 1308 cum
514 1239 591 1311 facie
605 1241 734 1332 glabra,
751 1259 782 1310 et
794 1244 825 1308 in
839 1243 968 1331 occiput

8 1381 14 1422 ἰ
78 1349 142 1396 seu
171 1346 292 1418 partem
316 1330 529 1419 posteriorem
558 1332 695 1400 crinibus
716 1349 845 1398 tectam.
872 1328 968 1404 Duae

6 1473 11 1509 Β
79 1433 161 1485 sunt
176 1420 350 1497 maxillae,
370 1421 514 1506 superior
531 1418 697 1486 immobilis
713 1437 743 1484 et
756 1416 882 1486 inferior
898 1441 967 1486 nro·

6 1557 11 1568 r.
79 1503 171 1570 bilis.
183 1505 359 1574 Cerebrum
370 1507 490 1597 gaudet
512 1508 612 1596 figura
628 1507 758 1596 globosa
771 1525 802 1575 et
816 1506 968 1572 substan-

4 1649 6 1676 ,
77 1593 127 1663 xia
144 1596 231 1660 molli
247 1600 427 1662 universum
440 1598 579 1662 cranium
595 1599 849 1686 replente,quae
863 1616 900 1660 ex
916 1595 966 1660 in·

4 1677 5 1686 ¹
76 1685 217 1754 numeris
229 1685 388 1762 vasculis,
414 1683 535 1750 tubulis
552 1703 584 1752 et
600 1683 962 1776 quibusdam-glandulis

22 1828 25 1833 .
78 1788 221 1838 constat.
239 1770 420 1839 Involvitur
432 1771 554 1840 duabus
569 1773 777 1854 membranis,
800 1794 965 1860 quaerite·

80 1863 200 1948 oringes
231 1861 297 1928 sive
322 1877 447 1932 matres
467 1881 633 1934 rotantur.
658 1863 762 1932 Dura
782 1879 890 1930 mater
914 1877 965 1932 est

79 1949 416 2018 membrana'nervosa
430 1949 601 2018 admodum
617 1951 721 2020 salida
737 1975 747 2029 ς
772 1951 875 2016 statim
902 1947 963 2016 sub

74 2039 195 2102 cranio
217 2041 332 2104 suturis
356 2035 464 2106 affixa.
484 2037 552 2108 Pio
574 2057 682 2107 mater
707 2059 756 2108 est
782 2036 962 2108 membrana

78 2127 209 2205 tenuis,
231 2128 368 2217 copiosis
391 2128 524 2195 vasculis
541 2129 661 2215 repleta
671 2171 681 2206 ,
694 2147 730 2192 er
746 2145 849 2196 toturn
865 2149 962 2194 ceree

81 2211 181 2278 btum
197 2217 451 2305 quaquaversum
468 2233 554 2282 arcte
575 2215 727 2287 ambietis.
742 2213 831 2282 Inter
851 2215 962 2281 durant

74 2317 116 2369 et
128 2302 214 2389 piam
229 2322 359 2370 matrem
376 2302 627 2393 deprehenditur
643 2303 749 2371 adhuc
764 2305 824 2368 alia
839 2304 964 2368 tenuis-

77 2387 167 2460 sima
182 2391 382 2472 membrana,
412 2394 517 2459 tunica
533 2391 754 2465 arachnoideae
778 2389 874 2457 dicta.
891 2390 962 2456 Ce-

76 2476 212 2547 rebrum
227 2479 375 2548 dividitur
396 2481 428 2548 in
444 2479 607 2549 cerebrum
621 2527 632 2560 ,
652 2484 770 2548 stricte
783 2479 826 2545 ira
838 2479 960 2568 appel-

77 2565 182 2641 latum
198 2613 209 2648 ,
229 2591 311 2656 quae
326 2588 374 2636 est
389 2591 461 2656 pars
472 2571 574 2642 msice
589 2571 687 2638 totius
698 2565 819 2644 cerebri
833 2593 842 2634 s
855 2570 886 2632 in
902 2591 959 2638 ce-

81 2654 267 2737 rebellum,
291 2679 372 2745 quae
393 2674 440 2724 est
461 2659 558 2724 totius
582 2655 797 2744 uetebtirpats
822 2657 956 2745 postica,

79 2745 173 2808 cuius
187 2746 363 2834 superficies
379 2746 469 2815 ratiis
488 2747 583 2812 sulcis
607 2745 830 2834 diminguirur3
847 2748 877 2815 iu
893 2769 959 2812 me-

77 2829 214 2902 dullam
229 2833 456 2922 oblongarum,
471 2857 509 2900 ex
523 2857 586 2921 qua
603 2835 749 2900 oriuntur
761 2857 876 2900 nuvern
893 2833 958 2910 vel,

75 2937 115 2992 nt
138 2922 265 3006 quidam
290 2923 429 3000 volunt,
446 2921 556 2990 decem
571 2923 655 3008 paria
671 2943 858 2996 nervorum,
873 2919 956 2984 inter

75 3029 164 3106 qnps
179 3027 263 3079 sunt·
279 3010 386 3104 ,nduq
398 3011 486 3080 uerri
500 3007 742 3099 offortorium
754 3029 813 3104 pet
826 3004 954 3100 soranis.
