2298 3418
249 165 295 256 s‘t
333 277 336 284 A
481 163 686 250 rnsrrr'v'r'.
708 191 848 252 sttruos.

416 369 419 377 Α
479 302 765 464 stunchvs
786 355 855 428 111.

514 547 527 558 ''
569 535 772 620 Derasso.

241 717 416 876 Causae
429 801 557 870 nomine
570 711 770 893 intelllipitor:
786 784 842 870 ent
853 799 960 882 illud,
976 801 1087 894 quoad
1133 809 1134 816 ’

129 905 133 916 ’
240 890 391 959 alterius
419 897 630 961 existentiam
657 891 711 959 vel
734 893 979 982 productionem
1002 905 1083 958 con-

239 978 344 1062 fert,
373 995 408 1046 et
437 981 488 1048 ad
523 985 630 1072 ipsum
660 979 910 1072 producendum
942 983 1083 1086 requiri-

250 1085 318 1134 tur.
348 1069 503 1136 Vicissim
528 1065 662 1158 'effectus
679 1075 803 1137 nomine
821 1091 876 1137 ens
892 1069 970 1135 illud
989 1067 1083 1135 urtel-
1133 1073 1134 1152 l

242 1159 303 1247 ligi
318 1157 412 1224 debet
429 1187 437 1220 ι
470 1161 560 1247 quod
572 1157 689 1247 aliqua
706 1164 832 1226 ratione
848 1184 871 1224 a
888 1181 991 1224 rausa
1004 1179 1083 1242 pert-
1133 1155 1134 1250 l

249 1246 333 1326 det,
361 1262 461 1338 atque
477 1250 518 1314 ab
536 1245 599 1312 illa
614 1245 823 1334 prodrtcitur.
851 1246 970 1336 ltaque
989 1243 1084 1313 effec-

248 1349 312 1397 tus·
336 1339 435 1400 omnis
467 1359 484 1400 a
517 1339 643 1422 'proptia
671 1357 765 1402 causa
793 1334 975 1424 distingui,
1000 1334 1008 1396 i
1033 1356 1085 1399 sa·

245 1442 313 1508 que
334 1425 493 1513 posterior
518 1442 585 1490 esse.
611 1421 717 1490 debet.
749 1425 834 1490 Hinc
864 1441 990 1490 veteres
1046 1443 1087 1488 c·

241 1511 362 1578 ousiae
377 1531 480 1600 patret
495 1558 504 1591 ‚
520 1513 573 1578 obi
588 1511 629 1579 de
644 1512 758 1578 divinis
776 1511 1011 1601 loquebantur,
1030 1512 1087 1576 Pa-

249 1617 328 1667 trem
357 1624 421 1668 non
443 1625 604 1678 causant,
631 1600 699 1666 sed'
706 1597 912 1690 principium
934 1599 1004 1666 Filii
1024 1622 1088 1686 ap·

248 1691 438 1777 polluunt,
466 1690 556 1779 quod
589 1689 732 1754 nimirum
767 1691 863 1754 Filius
894 1690 965 1776 ipso
995 1687 1087 1755 Patre

239 1780 409 1865 posterior
432 1789 500 1844 esse
517 1799 580 1843 uon
595 1779 718 1863 possit,
747 1799 805 1844 nec
822 1776 862 1843 ab
876 1777 931 1841 illo
945 1777 977 1841 in
994 1775 1089 1841 subs-

251 1869 348 1930 tantia
372 1865 437 1932 si‘ve
453 1879 572 1931 'natura
593 1867 805 1956 distinguatur
821 1910 834 1946 ‚-
862 1865 916 1931 sed
944 1866 1004 1954 ipsl
1030 1889 1090 1931 co-

237 1971 397 2020 'aeternus
421 1965 519 2040 atque
543 1952 820 2021 consubstantialis
846 1954 897 2018 sit.
932 1954 1091 2041 Aliquan-
1133 2023 1134 2032 χ

249 2041 295 2106 do
310 2057 414 2110 tamen
427 2045 542 2108 Graeci
560 2044 664 2108 Patres
686 2065 801 2110 causae
816 2063 932 2110 nomen
947 2043 1092 2128 amplio-

233 2130 278 2193 ·ti
298 2132 439 2219 quodam
463 2153 555 2198 sensu
576 2149 792 2220 usurparunt,
821 2131 1007 2216 Patremque
1036 2130 1093 2196 Fi·
1133 2167 1134 2178 t

250 2217 291 2298 lu
308 2229 434 2299 oausam
461 2237 640 2301 vocarunt,
670 2222 725 2286 sed
742 2221 869 2306 ,Fillunt
895 2220 983 2284 Patri
1006 2242 1093 2284 con·
1133 2241 1134 2282 t

234 2308 486 2376 ‘substantialem
519 2317 612 2390 esse‘,
641 2328 751 2374 eontra
781 2311 906 2374 arianos¹
934 2305 1093 2375 defende·
1133 2339 1134 2386 t

239 2415 337 2462 ¹tunt.
365 2397 482 2486 ltaque
504 2398 647 2486 quantvis
670 2398 860 2486 principium
884 2410 917 2464 et
939 2417 1038 2462 causa
1062 2419 1093 2461 a·

248 2485 401 2574 liquando
429 2483 582 2551 condrndi
611 2487 713 2551 solent
729 2533 740 2566 ,
770 2504 875 2551 tamen
904 2485 1001 2550 latius
1033 2507 1094 2572 pa·
1133 2483 1134 2544 l

247 2589 295 2638 tet
312 2574 457 2662 principii
473 2587 601 2640 nomen.
628 2573 833 2661 Principium
848 2574 922 2638 satis
937 2592 1017 2662 apte
1033 2575 1095 2640 de·

102 2691 103 2694 ¹
169 2711 172 2717 .
247 2661 371 2726 llniturr
392 2662 450 2740 id,
474 2663 559 2728 unde
574 2659 710 2751 aliquid
720 2677 795 2742 est,
818 2684 854 2728 ac
870 2662 1007 2750 proinde
1026 2683 1097 2727 orn·

246 2748 294 2810 nis
323 2769 417 2813 causa
443 2763 489 2814 est
511 2749 730 2836 principium,
759 2749 813 2816 sed
838 2769 902 2816 nott
929 2771 1022 2816 versa
1053 2751 1098 2815 vi·

163 2860 166 2869 ·
237 2851 293 2900 oe.
322 2836 405 2900 Hinc
421 2839 452 2900 in
464 2837 648 2903 definitione
662 2859 776 2904 causae
788 2837 997 2925 adiungitur,
1025 2861 1100 2905 earu

244 2919 402 3007 conferte-
416 2925 458 2990 ad
485 2927 615 2991 altettut
642 2925 726 2992 entis
755 2927 965 2992 existentiam.
992 2926 1105 3007 Nam,
