2270 3416
158 74 222 136 144
385 85 392 97 ¹
427 78 625 127 ιιπςτιτντ.
648 74 786 126 tureos.

149 147 261 232 pisces
281 149 393 212 rtraerr’r.
425 147 530 319 spuis
548 153 703 237 ignorat,
731 143 824 237 quod
843 151 971 216 omnia
996 147 1081 217 haee

152 253 273 342 menes,
290 233 426 303 Domini
465 240 590 304 eterit?
620 234 692 302 Iob.
714 259 788 326 cap.
806 255 863 300 12.
890 259 926 302 o.
944 257 986 321 7.

199 471 204 482 ,
248 406 372 479 Altera
392 411 628 480 demonstratio
652 435 695 480 tx
720 415 844 480 notione
874 416 976 480 entis

477 501 724 592 perfectissimi.

220 672 360 741 Nomine
382 675 444 744 Dei
466 677 535 744 heic
558 678 758 768 intelligimus
779 698 834 744 ens
855 676 1067 766 perfectissi-

155 781 264 837 mum;
290 763 346 830 sed
366 767 473 832 existit
488 789 544 833 ens
565 765 843 855 perfectissimum
869 790 958 854 ergo
984 773 1064 834 exis-

155 850 194 914 tit
231 850 330 916 Deus.
368 853 464 920 Prob.
496 859 572 924 min.
601 857 649 920 ιθ
688 855 751 920 Επις
787 852 1059 942 perfectissimum
1120 919 1121 928 ,

154 938 307 1024 possibile
322 958 387 1022 est,
403 964 459 1010 seu
474 946 592 1010 nullam
606 944 894 1010 contradictionem
910 945 1056 1022 involrin

154 1038 255 1111 quum
282 1031 363 1100 euim
385 1053 440 1098 ens
463 1032 720 1118 perfectissimum
744 1035 781 1096 sit
791 1049 813 1109 ,ς
824 1031 920 1116 quod
951 1055 1060 1098 omnes

153 1113 369 1202 perfectiones
391 1120 554 1208 possibiles
575 1123 716 1187 continet
731 1121 762 1184 in
784 1119 885 1206 gradu
908 1119 1062 1188 absolute

152 1223 295 1284 summm
314 1207 338 1270 si
355 1229 408 1272 ens
425 1208 683 1296 perfectissimum
699 1207 996 1276 contradictionem
1011 1215 1059 1274 in-

155 1293 322 1374 polveret,
344 1297 395 1360 vel
422 1298 598 1365 involveret
616 1297 924 1374 contradictionem,
950 1297 1056 1386 quood
1121 1367 1122 1372 ,

155 1377 241 1466 ipses
281 1381 514 1468 perfectiones,
557 1389 609 1452 vel
644 1387 750 1472 quood
789 1387 933 1472 ipsarum
985 1411 1058 1474 pra-

156 1467 254 1547 dum;
269 1475 354 1557 atqui
368 1493 480 1540 neutro
492 1476 589 1540 modo
603 1474 890 1540 contradictionem
906 1475 1056 1553 involvite

154 1577 221 1624 non
242 1563 350 1647 quoad
374 1563 455 1649 ipsas
478 1564 709 1650 perfectiones;
737 1561 854 1629 etenim
877 1561 1058 1648 perfectio-

153 1667 212 1712 nes
234 1649 398 1734 possibiles
418 1651 576 1733 dicimus,
598 1675 679 1740 quae
701 1651 802 1718 eidem
823 1648 976 1716 subiecto
998 1674 1056 1718 unt

155 1734 255 1800 inesse
270 1757 417 1825 possunt,
430 1762 483 1806 seu
494 1764 575 1828 quae
587 1741 647 1806 sibi
659 1759 770 1805 mutuo
783 1761 846 1802 oon
859 1760 1055 1828 repugnetne

155 1823 249 1912 igitur
263 1828 353 1892 notio
361 1828 444 1894 ,entis
459 1827 673 1916 perfectissimi
690 1829 806 1893 nullam
825 1832 1058 1894 contradictio·

158 1933 231 1978 nem
263 1914 424 1994 involvit,
455 1919 562 2005 quood
598 1917 838 2006 perfectiones3
873 1918 949 2002 quio
980 1941 1056 1984 veto

155 2001 367 2086 perfectiones
395 2005 477 2071 illae·
491 2009 522 2070 in
544 2007 646 2095 gradu
668 2005 813 2070 absolute
840 2025 968 2069 sununo
996 2008 1055 2070 tri-

156 2085 299 2156 buuntur
318 2093 413 2173 Deo,
435 2115 561 2162 omnem
580 2115 710 2182 prorsus
732 2091 908 2162 excludunt
934 2096 1054 2181 imper·

155 2173 346 2262 sectionem,
368 2201 405 2246 ac
429 2185 560 2268 proinde
580 2182 673 2264 nihil,
702 2182 810 2270 quood
834 2183 959 2247 easdem
978 2205 1053 2270 per-

157 2264 310 2336 fectiones
346 2273 647 2358 quomodocumque
683 2273 839 2359 pertineat
870 2270 912 2336 de
943 2271 1051 2336 iisdem

155 2357 263 2445 negari
286 2375 414 2448 potest3
436 2359 573 2448 ideoque
595 2362 711 2425 nullam
733 2359 901 2422 involvunt
921 2379 1053 2425 contra·

152 2444 344 2529 dictionem,
360 2449 488 2534 quaein
503 2448 702 2515 simultanea
721 2449 865 2513 eiusdem
880 2445 921 2512 de
943 2449 1051 2514 eodem

156 2533 386 2617 adfirmatione
404 2555 436 2604 et
451 2542 619 2626 negatione
637 2541 802 2602 consistit.-
817 2553 829 2598 1
842 2535 884 2597 r.⁰
901 2535 970 2599 Eos
986 2557 1049 2625 per·

155 2619 360 2690 lectissimum
375 2626 552 2713 necessario
576 2627 697 2703 existit,
720 2645 830 2710 estque
846 2625 982 2708 proinde
998 2645 1049 2690 ens

156 2733 240 2778 ase.
265 2711 392 2778 Etenim
413 2733 468 2776 ens
491 2711 751 2798 perfectissimum
775 2712 917 2777 continet
940 2733 1048 2778 omnes

153 2797 365 2950 perfectiones
386 2799 550 2886 possibiles
567 2803 596 2862 in
619 2801 719 2888 gradu
742 2798 887 2864 absolute
912 2820 1046 2863 summo.

188 2889 331 2950 sistentia
353 2902 458 2951 autem
474 2893 647 2953 necessaria
663 2907 694 2952 et
707 2890 816 2950 ascitas
832 2903 903 2948 sunt
926 2885 1047 2970 perfec·

156 2972 256 3038 tiones
271 2975 302 3036 in
317 2971 419 3060 gradu
439 2972 585 3041 absolute
605 2996 742 3040 summo.
762 2974 838 3038 Euti
858 2973 952 3060 igittn
972 2995 1046 3060 per·
