2246 3412
152 119 226 182 rua·
416 115 600 165 tutumve.
626 113 755 164 tureos.
852 131 855 140 ¹

156 191 281 258 diuinae
298 187 521 280 prouidentiae
533 206 687 276 repugnat
698 210 707 265 3
720 183 798 272 quin
812 184 911 252 immo
928 188 1059 278 specia-

152 281 215 348 lem
236 299 313 368 erga-
336 279 478 343 homiues
500 276 732 364 providentiam
749 297 975 364 summamque
987 278 1065 345 cle-r

152 369 298 434 ruentium
322 363 638 451 demonstraturque
661 361 848 429 manifestat.
876 367 963 430 Sunt
979 370 1054 436 enim

152 456 307 524 miracula·
327 455 606 522 luculentissimum
636 453 794 542 religionis
817 454 1051 524 testimonium.

151 545 195 610 Et
206 544 332 634 quidem
351 563 452 632 quum
467 541 618 607 miracula
631 543 664 605 in
677 563 841 621 causarum
851 545 1047 611 ‘naturalium

152 637 230 701 serie
244 657 307 699 non
323 635 544 698 contineantur
560 677 569 708 ,
591 653 718 696 omnem
735 649 869 698 naturae
883 634 950 698 rint
963 655 1047 700 exce·

151 724 234 790 dunt
247 743 285 787 ac
296 721 431 807 proinde
443 719 531 784 solus
546 719 633 787 Deus
659 721 809 784 miracula
824 739 961 808 patrare
975 739 1047 811 pot·

151 829 221 878 este
239 811 308 898 ipse
330 810 550 874 miraculorum
570 812 711 874 omnium
724 829 818 874 causa
830 827 881 876 est
892 812 1046 896 primariae

149 917 314 966 creaturae
326 915 436 965 autent
449 915 521 962 sunt
538 895 704 962 dumtaxat
723 917 835 964 causae
853 901 1050 966 r‘rrstrrnrrerr-

148 987 239 1083 tillet
254 1005 350 1074 atque
365 981 600 1052 occasionales.
617 985 721 1050 Porro
746 1005 906 1074 repugnat
923 1033 936 1068 ,
951 989 1046 1054 aDeo

149 1097 270 1144 summe
294 1077 397 1142 veraci
412 1091 443 1140 et
464 1071 552 1139 bono
579 1074 696 1163 patrari
719 1075 870 1140 miracula
887 1076 923 1138 in
941 1080 1046 1147 errotir

149 1165 423 1232 confirmationem
447 1159 677 1250 hominumque
702 1164 884 1251 perniciem.
899 1167 985 1232 Sunt
998 1189 1049 1232 er-

148 1271 191 1342 go
201 1252 355 1318 miracula
373 1251 639 1318 evidentissimum
651 1249 865 1318 credibilitatis
875 1255 1044 1335 motivum,

149 1340 614 1428 divinamque'providenriam
630 1339 727 1429 magis
749 1363 785 1406 ac
811 1343 913 1430 magis
928 1345 1045 1411 confrr-

146 1451 248 1498 mant.
267 1431 297 1496 Si
313 1447 419 1496 autem
439 1429 527 1494 Deus
540 1451 582 1506 ,a
597 1431 726 1518 paganis
743 1429 975 1519 improbisque,
986 1431 1047 1496 ho-

147 1518 281 1586 minibus
309 1515 454 1607 prodigia
487 1521 628 1606 patrari,
652 1519 823 1606 aliquando
850 1523 1042 1608 permiserim

147 1607 187 1676 ad
211 1609 362 1674 maiorem
381 1605 494 1672 erroris
509 1603 728 1672 confusionem
742 1609 956 1696 veritatisque
970 1632 1042 1674 con·
1107 1675 1108 1690 p

148 1699 356 1764 firmationem
372 1695 405 1762 id
421 1693 538 1762 factum
554 1715 613 1762 est.
643 1693 694 1759 Ita
725 1697 807 1785 magi
823 1700 975 1786 aegyptii
986 1699 1041 1762 ali-

146 1801 210 1874 qua
230 1785 358 1877 Moysis
383 1785 531 1850 miracola
554 1784 664 1851 imitati
691 1803 774 1848 sunt.
806 1787 851 1849 At
879 1809 984 1874 quum
1008 1787 1048 1854 ari

146 1890 297 1964 quartum¹
312 1890 496 1962 peruentum
517 1891 601 1940 esset
625 1873 831 1962 prodigium,
854 1875 928 1942 heic
942 1877 1047 1943 imbe.

67 2029 70 2038 ,
147 1960 220 2031 cilla
231 1980 327 2054 arque
341 1961 508 2051 desperata
521 1963 608 2028 sterit
620 1983 782 2049 magorum
795 1985 866 2040 ars,
882 1984 918 2028 et
934 1965 1048 2032 eucla-

146 2075 233 2120 mare
248 2050 351 2118 coacti
364 2069 439 2118 sunt
456 2077 464 2114 r
484 2047 625 2141 Digitus
638 2050 709 2114 Dei
717 2068 767 2116 est
782 2049 844 2117 ln'c.
865 2053 963 2118 Hanc
978 2055 1046 2120 do.-

141 2144 277 2230 ¹etrittar'n
302 2137 398 2206 fusius
425 2139 584 2228 explicare
616 2140 713 2204 nostri
739 2161 802 2206 nort
829 2159 878 2206 err
894 2143 1044 2209 instituti.
1107 2133 1108 2150 ¹

146 2225 326 2299 Observare
341 2231 412 2294 saris
426 2230 507 2306 erit,
530 2249 568 2293 etr
583 2227 736 2294 miraculis
752 2229 930 2316 legumque
943 2253 1042 2320 gene·

148 2323 258 2409 tullum
275 2317 515 2408 perturbatione
540 2315 656 2383 nullam
675 2318 706 2382 in
729 2317 802 2382 Deo
828 2323 921 2406 argui
948 2341 1043 2408 posse

148 2409 412 2484 mutabilitatem
428 2407 518 2472 Deus
533 2409 614 2472 enim
642 2429 700 2470 neo
720 2427 815 2491 opera
831 2429 890 2472 nec
914 2409 1049 2474 consilia

133 2515 267 2582 intrarat,
283 2511 395 2584 iquum
418 2498 522 2560 omnia
551 2495 722 2562 decreverit
736 2493 776 2560 ab
792 2514 938 2560 aeterno.
954 2497 1048 2564 Dum

146 2605 252 2654 autem
278 2585 412 2650 diximus
425 2600 438 2662 ¹,
452 2585 601 2649 miracula
620 2585 649 2648 in
666 2605 831 2648 causarum
850 2588 1047 2654 naturalium

140 2678 224 2745 serie
240 2693 304 2739 non
317 2674 495 2750 contineri,
513 2673 543 2738 id
561 2695 599 2738 eo
616 2694 707 2739 sensu
721 2672 957 2759 intelligendum
979 2699 1048 2742 nort

121 2761 220 2846 sem
236 2763 324 2850 quasi
339 2761 486 2824 miracula
507 2761 606 2849 ipsam
621 2783 723 2826 rernm
748 2762 910 2826 essentiam
936 2764 1048 2828 viola·

144 2865 239 2926 tent-3
262 2862 298 2910 ur
313 2851 354 2912 ait
374 2851 519 2934 spinosa.
536 2848 681 2915 Effectus
694 2870 866 2936 corporum
880 2853 1051 2920 naturales

138 2937 276 3004 'dicimus
289 2977 298 3007 ‚
311 2937 368 3020 qni
384 2957 443 3022 per
456 2939 558 3022 ipsum
575 2937 842 3024 partium=netrttm
866 2961 1053 3028 earumque

144 3025 311 3109 qualitates
322 3039 355 3094 et
367 3025 493 3111 tegulas
507 3041 614 3103 motus
625 3025 779 3114 explicati
791 3045 944 3115 possunt.
959 3031 1056 3098 Con·
