2258 3428
215 152 261 229 88¹
456 169 644 220 rrtsrtrvr.
675 169 808 218 rrrrtor.
871 183 876 192 ·

210 242 418 334 praedicatur
434 243 474 309 de
491 241 595 306 multis
614 265 624 318 3
655 263 731 330 ergo
748 241 816 304 sola
838 258 903 304 vox
917 253 966 307 est
980 239 1047 306 uni-⁴

210 337 349 398 versariis.
380 333 481 418 Resp.
508 331 581 395 dist.
609 333 687 393 min.
715 331 782 418 sola
800 350 861 394 vox
877 331 992 395 dicitur
1003 331 1045 399 de

197 422 316 486 ‘multis
333 421 455 486 ratione
471 420 513 486 rei
531 418 746 507 significatae,
772 417 832 495 Q,
849 417 971 484 ratione
985 421 1045 498 sui,-

206 509 254 574 N.
286 508 360 574 min.
393 511 510 596 Neque
525 511 606 574 enim
634 507 771 570 ronista
800 507 961 585 circulus,
990 526 1044 573 aut

206 597 329 676 homo,
361 597 559 684 praedicatur
583 595 707 660 dehoc
736 593 786 660 vel
822 595 876 660 illo
909 595 1043 678 circulo,

206 685 246 752 de
271 685 333 750 hoc
360 687 409 751 rel
431 686 486 749 illo
511 685 661 764 homine„
687 683 743 752 sed
758 683 791 750 id
809 682 898 772 quod
914 707 970 774 per
985 707 1044 755 noe

204 795 278 840 men
310 775 512 862 significatur.
1038 808 1042 815 ι

271 863 398 928 Obiect.
417 887 445 930 a.
466 863 590 929 Natura
606 861 679 942 illa,
698 878 780 950 quae
795 859 955 926 vocabulo
968 862 1044 928 nni-

204 952 319 1017 versali
357 953 571 1042 significatur,
608 973 672 1015 non
704 967 749 1014 est
781 969 904 1030 umet
935 952 1044 1018 eadem

204 1040 236 1104 in
265 1043 370 1106 multis
396 1042 589 1120 individuis,
618 1062 695 1128 ergo
719 1061 782 1104 non
807 1056 855 1104 est
880 1036 1043 1106 universa-

203 1127 253 1200 lis.
283 1129 383 1216 Resp.
414 1131 486 1193 dist.
517 1147 583 1193 ant.
610 1151 674 1191 non
699 1149 745 1192 est
770 1130 800 1192 in
829 1128 935 1192 multis
958 1130 1046 1196 indi·

204 1218 306 1282 viduis
321 1241 380 1282 una
395 1225 522 1282 unitate
527 1217 673 1298 formali
685 1236 717 1282 et
730 1215 903 1304 perfecta,
920 1217 962 1286 C.
979 1220 1043 1298 A.,

204 1312 335 1370 unitate
346 1305 603 1386 ft'rndamentali
624 1327 654 1370 et
676 1303 895 1391 imperfecta,
925 1306 969 1370 N.
1001 1309 1046 1375 A.

204 1411 238 1456 et
266 1415 354 1458 cons.
389 1394 512 1458 Natura
539 1393 673 1459 humana
697 1396 726 1458 in
750 1395 878 1460 Socrate
895 1408 927 1457 vt
956 1418 987 1484 g.
1012 1414 1046 1462 et

115 1515 119 1524 ·
203 1479 336 1548 Platone
361 1505 423 1548 una
446 1503 494 1549 est
514 1487 638 1548 onitate
662 1473 891 1546 conformitatis
916 1505 970 1548 seu
999 1487 1046 1550 si-

204 1571 414 1650 militudinis,
444 1595 525 1657 quae
550 1572 665 1636 dicitur
694 1571 797 1636 unitas
823 1570 1045 1638 fundamenta-

202 1659 239 1722 lis
263 1679 295 1726 et
320 1657 538 1746 imperfecta,¹
555 1681 713 1748 quatenus
736 1658 779 1723 ob
800 1657 884 1723 illam
907 1663 1045 1746 aliquam

204 1749 436 1814 similitudinem
465 1767 574 1813 natura
601 1747 735 1814 humana
758 1770 776 1810 a
807 1751 869 1814 suis
896 1749 1043 1816 differen-

201 1836 252 1900 tiis
283 1836 450 1901 numericis
480 1859 538 1925 per
566 1853 704 1902 mentem
733 1836 921 1916 abstracta,
953 1840 1046 1906 unica

199 1923 334 1988 notione
356 1926 583 2009 repraesentari
603 1942 722 2014 potest.
750 1923 813 1992 Sed
829 1947 893 1990 non
909 1943 958 1993 est
978 1951 1046 1996 una
1075 1991 1079 1998 ,

200 2013 320 2077 unitate
346 2009 470 2078 formali
494 2034 526 2079 et
554 2015 697 2102 perlecta
712 2017 726 2090 ς’
750 2017 922 2102 tumquia
948 2013 1046 2092 ntro,-

200 2120 236 2162 ra
263 2099 397 2167 humana
423 2103 455 2168 in
473 2104 601 2189 Socrate
618 2122 651 2169 et
675 2103 812 2167 Platone
836 2123 900 2168 non
921 2125 969 2170 est
986 2131 1048 2172 ea·

202 2188 275 2254 dem
293 2193 406 2256 entitas
421 2239 432 2271 ‚
459 2211 528 2257 tum
545 2192 618 2280 quia
632 2192 834 2260 ante'mentis
848 2191 1047 2270 abstractio·
1125 2223 1126 2280 3

200 2297 271 2342 nem
290 2299 401 2344 natura
426 2281 558 2346 humana
581 2282 612 2343 in
638 2280 765 2368 singulis
785 2278 953 2346 individuis
974 2283 1047 2350 dis·

200 2370 300 2444 tincta
330 2391 394 2434 non
423 2388 517 2435 esta
549 2367 730 2438 differentiis
763 2369 964 2452 numericis,
1007 2389 1047 2440 ut

201 2456 321 2521 docent
344 2459 512 2540 Scoristae.
761 2477 762 2480 ’
1015 2502 1020 2508 a
1125 2453 1126 2460 ἵ

266 2545 390 2610 Obiect.
427 2567 459 2632 3.
475 2543 686 2613 ‘Vniversate
710 2543 885 2612 formaliter
910 2568 1049 2638 aparte
1125 2607 1126 2616 ,

198 2631 241 2695 tei
257 2651 304 2696 ert
327 2633 388 2709 id,
417 2633 506 2720 quod
522 2654 570 2699 est
592 2633 764 2700 formaliter
782 2657 877 2700 unum
896 2655 928 2702 et
953 2641 1049 2704 mul·
1125 2677 1126 2688 κ

196 2719 298 2804 tiplert
341 2719 593 2807 independenter
630 2747 647 2788 a
686 2725 797 2790 mentis
830 2725 1046 2812 cogitatione}

197 2807 252 2872 sed
275 2817 391 2893 natura·
409 2810 546 2876 humana
569 2811 707 2876 Socratis
724 2829 754 2877 et
771 2829 879 2878 natura
902 2813 1049 2880 humana
1125 2819 1126 2854 l

196 2893 340 2965 Platonis
365 2917 439 2968 tunt
466 2920 598 2968 naturae
628 2899 801 2986 formaliter
828 2895 1050 3005 inultaefflt
