2300 3506
107 369 161 439 pe
186 343 220 414 e'a'
243 273 446 436 praeeerianl²
461 273 679 449 flllplsssm
701 339 825 432 pendet
848 271 953 414 reruln1

114 437 230 506 deinde
256 435 494 504 tractandarum
519 433 741 523 rntellrgeuria.

422 610 551 678 CAP.
588 607 645 676 11.

304 790 363 860 De
388 785 536 858 melodo
557 785 768 878 disputandi.

121 913 199 1037 Ea
225 983 275 1035 est
299 965 479 1030 scholarum
501 962 701 1032 consuetudo
720 1009 730 1044 ,
752 983 790 1032 ut
804 965 959 1056 dispute-

115 1057 215 1126 tionis
237 1057 323 1143 leges
350 1056 379 1118 in
396 1053 486 1120 tertia
508 1071 628 1120 tantum
645 1054 768 1142 logicae
790 1073 878 1143 parre
898 1059 962 1124 de-

118 1145 292 1214 monstrari
307 1142 455 1219 soleant,
478 1143 568 1230 quod
587 1144 715 1230 quidem
741 1164 759 1208 a
784 1161 870 1210 recta
898 1145 957 1210 do·
1032 1187 1035 1200 ·

116 1232 214 1302 cendi
240 1232 360 1298 ratione
381 1230 516 1296 alienum
538 1235 667 1297 omnino
690 1231 828 1298 viderur.
847 1233 959 1309 Quum

118 1317 203 1392 enim
228 1321 279 1388 rel
306 1321 443 1408 abipso
468 1320 584 1410 logices
610 1321 697 1394 initio
718 1323 822 1386 variae
845 1339 960 1406 quaet·

115 1413 224 1480 tiones
252 1408 410 1476 methodo
434 1407 620 1474 scholastica
637 1410 822 1474 tractandae
836 1429 956 1474 oscur-

116 1517 194 1566 aant
209 1523 220 1578 3
233 1498 462 1586 disputationis
487 1497 618 1562 omnino
640 1499 765 1586 ignaros
778 1497 819 1563 ad
840 1497 958 1585 dispu-

117 1589 255 1656 tandum
270 1585 425 1653 accedere
445 1607 508 1651 nun
534 1588 627 1652 decet
651 1585 769 1673 logicae
784 1584 957 1652 auditores.

116 1675 238 1764 ltaque
252 1675 435 1762 disputandi
450 1674 636 1742 methodum
651 1671 789 1739 brevitet
803 1688 837 1739 et
850 1693 959 1758 quan-

124 1781 195 1830 tum
217 1765 357 1848 postulat
372 1780 455 1830 recta
471 1763 610 1830 docendi
624 1763 703 1828 ratio
721 1805 731 1841 ‚
746 1761 882 1850 primum
897 1763 960 1832 dt·

94 1926 99 1936 ¹
119 1850 313 1916 'clarabimus
326 1872 336 1926 3
350 1867 448 1916 rutam
462 1851 578 1920 deinde
604 1849 883 1940 argumentationis
903 1873 959 1918 ar·

109 1956 190 2008 ‘tem
214 1939 436 2027 opportuniori
455 1940 532 2008 loco
557 1938 657 2006 fusius
672 1939 872 2026 explicaturi.

164 2025 194 2096 I.
239 2027 421 2118 Propositio
439 2071 450 2107 ,
466 2050 550 2117 quae
568 2029 738 2118 probanda
758 2028 810 2095 vel
823 2051 960 2119 oppug-

115 2118 226 2186 nanda
251 2133 327 2198 est,
354 2135 491 2182 vocatur
510 2121 672 2208 quaestio.
695 2115 734 2181 ln
756 2119 959 2206 propositio·

115 2221 164 2273 tre
190 2223 297 2271 aurern
324 2223 431 2293 partes
451 2207 601 2292 plurimae
619 2207 813 2272 considerari
826 2205 958 2272 debent.

118 2311 156 2362 ·1.
171 2293 285 2372 Voces,
297 2295 410 2382 qulbus
426 2294 647 2381 exprimuntur
661 2317 709 2360 res
723 2292 755 2358 in
767 2313 871 2360 mente
881 2315 959 2360 noa·-

118 2400 172 2452 tra
189 2399 451 2474 repraesentatae.
466 2403 508 2448 rr.
536 2383 742 2463 Subiectum,
758 2383 879 2470 dequo
895 2383 960 2447 alir-

114 2473 200 2561 quid
227 2471 403 2538 affirmatur
419 2473 469 2540 rel
486 2491 629 2560 negatur.
661 2491 728 2536 rat.
744 2473 959 2538 Attributmtt

118 2561 189 2627 aive
200 2561 456 2648 praedicatum,
471 2561 560 2648 quod
584 2561 626 2628 de
644 2556 957 2628 subiecroadtrme-
1005 2554 1012 2566 '

117 2665 179 2715 tur
205 2651 253 2714 vel
280 2667 424 2742 negatur.
451 2669 508 2713 ιν.
538 2645 693 2736 Copula,
717 2669 802 2737 quae
839 2667 961 2718 nexum

120 2737 193 2804 :rive
211 2738 461 2804 convenientiam
483 2737 653 2822 praedicati
672 2755 704 2804 et
727 2735 861 2802 subiecti
886 2736 958 2826 siga·

115 2825 239 2892 nificat.
269 2828 300 2892 Si
322 2825 459 2912 copulae
487 2825 677 2914 praeligetur
702 2825 855 2912 particula
881 2847 957 2906 nou,
1048 2889 1051 2898 ,

113 2915 317 3004 significatur
327 2913 457 2979 subiecti
482 2931 514 2978 et
537 2914 709 3002 praedicati
731 2911 957 3000 discrepantia,

111 3004 186 3073 sire
209 3023 278 3071 aon
303 3000 535 3070 conuenientia.
549 3001 592 3068 E.
614 3023 647 3090 g.
671 3002 702 3066 iu
728 2997 788 3067 hae
803 2997 958 3086 proposit·
