2298 3418
232 235 298 308 230
475 229 673 280 tnsrrnvn.
698 231 840 280 rntaus·
1139 293 1140 298 ἵ

274 305 324 374 V·
369 302 401 370 Si
427 300 460 368 in
487 302 711 390 propositione
735 297 975 388 (affirmativa)
992 319 1092 390 pto-
1139 321 1140 350 ³

229 392 324 477 babili
339 392 454 458 desunt
470 391 577 478 aliqua
589 392 629 457 ad
641 391 806 459 veritatem
822 391 1010 456 necessario
1025 412 1085 455 re·
1139 397 1140 472 l

229 481 345 569 quisita
362 501 468 569 ,quae
482 479 526 544 ob
542 499 647 548 cetera
661 480 833 570 praesentia
849 523 859 558 ,
875 479 986 546 adesse
999 500 1090 544 om·
1139 493 1140 550 Ξ

231 571 283 636 nia
313 566 392 634 falso
417 569 649 656 supponimus,
675 568 858 657 propositio
885 568 944 634 erit
973 563 1084 633 falsa.

233 658 361 726 Etenim
383 656 407 722 si
427 657 550 726 'desunt
578 658 686 746 aliqua
701 656 743 724 ad
770 655 931 724 veritatem
962 672 1097 723 neces·
1139 661 1140 742 l

235 747 318 815 sario
333 747 482 836 requisita
498 789 509 826 ,
526 769 591 814 non
605 747 720 812 adsunt
734 745 841 812 omnia
857 793 868 823 ,
884 765 966 832 quae
982 764 1101 830 prae·
1139 743 1140 746 ’

235 837 376 907 dicatum
400 834 546 909 subiecto
574 835 776 903 tribuendum
799 856 866 902 esse
886 832 1093 906 ostendunt.

236 923 340 1016 Igitur
364 922 611 1011 praedicatum,
635 926 724 1012 quod
745 921 892 988 subiecto
925 920 1095 988 nonnisi

238 1015 297 1082 sub
320 1015 461 1080 omnium
488 1013 708 1102 requisitorum
735 1012 922 1081 conditione
949 1029 1089 1076 conve-

239 1106 309 1183 nit,
338 1102 553 1190 inpraesenti
587 1123 664 1168 casu
701 1099 829 1168 minime
854 1115 964 1186 potest
1003 1097 1087 1164 huic

238 1193 382 1272 subiecto
395 1190 640 1270 convenire,-ac
663 1189 800 1278 proinde
824 1187 904 1254 falsa
929 1204 977 1254 est
992 1208 1086 1272 pro·
1139 1213 1140 1218 ¹

240 1280 386 1372 positio;
415 1279 447 1344 in
471 1301 536 1368 qua
560 1279 777 1368 praedicatum
804 1277 949 1356 subiecto
965 1275 1087 1341 tribui·

238 1387 308 1436 tun·
318 1368 428 1448 Quum
441 1369 618 1456 propositio
632 1367 802 1456 ppobabilis
815 1369 915 1453 possit
930 1387 999 1432 esse
1014 1363 1085 1431 fal-

241 1481 275 1526 sa
292 1459 372 1540 ,ipsi
385 1457 537 1546 opposita
550 1455 766 1548 improbabilis
781 1474 888 1543 potest
908 1476 977 1524 esse
993 1474 1090 1520 vera.
1139 1457 1140 1464 ’

285 1544 356 1620 VI.
403 1545 587 1634 Philosophi
609 1545 824 1612 mathematici
840 1543 880 1611 de
904 1543 1088 1612 aestiman-

244 1635 287 1704 da
308 1632 560 1724 probabilitate,
584 1656 639 1706 seu
664 1635 704 1701 de
728 1633 876 1724 gradibus
899 1630 1086 1721 probahili-

166 1795 171 1803 ‚
245 1726 317 1792 tatis
329 1722 553 1811 computandis
566 1725 658 1811 plura
669 1724 965 1810 scripserunt,quae
980 1742 1087 1809 quum

208 1805 214 1820 ’
245 1811 457 1878 sublimiorem
480 1811 627 1900 algebrae
658 1812 872 1900 cognitionem
902 1809 1088 1900 postulent,

246 1899 299 1964 hic
317 1898 535 1966 demonstrare
561 1902 725 1968 nonlicet.
743 1899 911 1966 Nonnulla
927 1898 1088 1985 quaedam

248 1985 388 2054 faciliora
411 1987 574 2056 tradidisse
598 1990 671 2058 satis
694 1989 763 2056 erit.
780 1989 953 2054 Certitndo
974 1986 1089 2052 consi-

152 2079 156 2148 ζ
248 2075 377 2142 deretur
401 2094 438 2142 ut
460 2094 565 2144 totum
579 2125 592 2158 ,
616 2081 705 2144 cuins
727 2095 833 2168 partes
867 2095 941 2144 sunt
972 2075 1089 2164 gradus

249 2163 503 2254 probabilitatis,
531 2184 564 2234 et
592 2165 842 2234 determinantur
867 2189 925 2256 pet
959 2165 1092 2232 relatio·

250 2275 347 2335 nem,
375 2277 471 2341 quam
498 2255 617 2324 habeut
643 2256 686 2323 ad
716 2255 942 2322 certitudinem
971 2269 1088 2319 totam.

252 2345 318 2410 Sint
333 2344 363 2410 in
378 2366 458 2412 urna
472 2347 613 2434 quinque
628 2343 771 2436 globuli,
787 2362 851 2410 tres
865 2343 931 2414 albi
945 2385 955 2420 ,
974 2358 1007 2410 et
1026 2343 1092 2408 duo

251 2432 367 2523 nigri,
399 2435 559 2519 quaeritur
592 2435 708 2524 gradus
739 2431 973 2524 probabilitatis
999 2430 1091 2502 huius

253 2520 481 2610 propositionis
492 2544 502 2598 3
512 2521 651 2612 globus,
667 2526 727 2613 qui
734 2525 863 2609 primus
880 2519 1091 2598 extrahetur,
1135 2533 1137 2540 ’

253 2614 318 2678 erit
346 2611 449 2698 niger.
466 2609 675 2678 Probabilitas
689 2611 766 2677 haec
781 2631 812 2676 se
839 2610 936 2682 habet
962 2605 1004 2674 ad
1020 2629 1094 2675 cer-

254 2697 448 2776 titudinem,
464 2716 500 2764 ut
515 2722 663 2767 numerus
680 2699 849 2789 globorum
873 2698 1038 2785 nigrorum
1054 2693 1093 2762 ad

256 2807 424 2855 numerum
437 2785 607 2875 globorum
627 2792 766 2854 omnium
782 2815 792 2866 ,
807 2786 869 2850 hoc
887 2805 935 2854 est
950 2832 959 2865 ,
974 2807 1009 2850 ut
1026 2787 1091 2850 duo

255 2873 297 2940 ad
323 2874 475 2964 quinque.
500 2875 544 2941 Et
567 2877 707 2944 eiusdem
732 2877 957 2964 propositionis
976 2876 1092 2960 proba·

255 2961 358 3044 bilitas
383 2985 416 3030 se
433 2963 531 3036 habet
554 2964 596 3032 ad
612 2966 868 3056 probabilitatem
885 2963 979 3038 huius
997 2962 1093 3052 :glo-
