2298 3418
194 103 238 193 78
381 159 384 164 ,
431 117 618 168 ausaausa.
649 119 783 186 snmus.

192 211 234 270 va
263 186 341 262 nihil
372 187 458 256 aliud
493 205 569 269 est,
594 213 692 278 quarn
722 191 820 257 actiov
843 189 1044 279 productiva

191 277 329 369 Spiritus
343 276 449 345 Sancti
466 321 479 358 ,
507 300 574 344 nou
589 281 787 370 distinguitur
804 281 928 348 realiter
943 304 962 346 a
975 304 1047 368 pa-

191 369 342 436 ternitate
369 386 423 432 aut
449 365 625 449 filiatione,
653 391 689 436 ac
717 369 850 460 proinde
886 388 1044 457 quartam

193 478 260 523 rem
279 457 310 520 in
337 453 415 538 Deo.
433 477 499 521 non
521 459 697 526 constituit.
730 459 833 530 Vnde
854 457 930 525 licet
953 479 1057 546 qua-·

191 562 269 612 tuor
300 545 361 610 sint
384 545 551 612 relationes
581 547 613 612 iu
636 547 790 627 ¹divinis,
821 567 896 612 sunt
928 568 1040 616 tamen
1128 611 1136 622 ,

191 635 363 704 dumtaxat
387 651 449 703 tres
472 656 639 724 personae.
669 636 733 704 Sed
749 637 828 704 haec
851 636 895 703 ad
915 657 1040 704 sacratu

193 721 407 812 Theologiam
422 727 604 812 pertinent.

216 877 218 888 ,
258 811 360 892 Quod
384 830 507 900 spectat
530 813 572 879 ad
595 813 762 880 relationes
786 828 933 894 creatas,
959 813 1035 882 bre·

191 903 272 988 uitet
287 898 513 982 ostendente,
527 901 645 968 nullam
656 905 721 969 enti
736 904 908 970 realitatern
919 924 1031 992 super·
1049 935 1056 946 ·

189 991 310 1062 addere
331 990 499 1057 relationes
521 991 614 1072 illas,
644 991 700 1058 sed
721 1012 788 1061 eas.
797 993 828 1056 in
853 1014 939 1058 mera
970 991 1034 1058 dr-

187 1079 372 1174 pendrntia
393 1077 485 1142 unius
509 1079 590 1148 entis
615 1079 657 1145 ab
682 1080 746 1160 alio
759 1127 771 1158 ,
794 1081 826 1144 in
847 1102 935 1146 mero
964 1101 1038 1148 res-

195 1189 296 1260 pectu
319 1169 438 1254 positas
464 1189 546 1235 esse.
578 1167 705 1234 Etenim
727 1169 804 1236 dum
829 1191 884 1236 ens
905 1169 1041 1257 aliquod

126 1307 128 1311 -
197 1259 240 1325 ad
254 1255 340 1322 aliud
355 1251 489 1324 refertur
502 1305 516 1336 .,
542 1255 618 1322 nihil
632 1260 891 1338 consideramus,
917 1257 973 1324 nisi
986 1281 1037 1336 ea,

192 1367 282 1438 ,quae
306 1341 435 1410 duobus
463 1345 585 1412 entibus
609 1345 755 1414 absolute
774 1347 908 1425 insunt,
939 1369 1040 1434 eaque

197 1435 291 1504 simul
304 1451 497 1522 spectamus.
524 1433 666 1500 Evidens
683 1455 791 1502 autem
807 1454 873 1514 est,
894 1454 1043 1502 nostrum

197 1518 420 1593 considerandi
436 1521 566 1590 modum
583 1523 700 1589 nullam
718 1521 811 1590 rebus
832 1523 907 1610 ipsis
923 1547 1043 1614 super-

198 1613 320 1682 addere
336 1607 525 1680 realitatenr.
548 1613 588 1677 E.
614 1634 644 1701 g.
660 1659 669 1694 ,
695 1615 718 1678 si
731 1611 851 1680 Cainus
865 1617 945 1680 inse
961 1636 1044 1680 con·

198 1703 354 1781 sideretur
367 1747 380 1780 ,
412 1701 640 1790 intelligimus,
671 1724 742 1769 eum
764 1724 828 1766 non
850 1723 918 1768 esse
943 1727 968 1771 a
993 1725 1043 1784 se,

198 1791 255 1857 sed
282 1787 425 1880 genitum
452 1789 492 1852 ab
518 1792 604 1867 alio;
634 1789 772 1876 ideoque
798 1789 839 1856 ab
866 1791 929 1856 alio
956 1807 1047 1878 pen..

199 1881 300 1957 dere,
324 1877 434 1965 quoad
451 1877 648 1946 existentiam
664 1903 676 1958 3
698 1881 751 1946 ubi
765 1901 841 1946 vero
856 1876 990 1946 refertur
1002 1879 1047 1946 ad
1141 1949 1142 1968 ἶ

199 1967 385 2044 Adamum,
413 1985 512 2052 aquo
535 1969 733 2034 existentiam
756 1970 881 2057 accepit
899 1990 959 2055 per
982 1990 1046 2058 ge-
1141 2021 1142 2046 ,

201 2056 424 2134 nerartonem,
453 2072 522 2120 tum
545 2056 632 2121 nulla
655 2057 713 2145 ipsi
734 2079 817 2122 nova
835 2057 960 2124 realitas
980 2057 1048 2122 ad·
1141 2067 1142 2126 ἒ

194 2143 317 2222 ditur,
334 2144 391 2208 sed
405 2161 531 2220 tantum
546 2143 764 2212 denominatio
778 2161 941 2226 externa,
962 2169 1049 2234 quae

202 2231 318 2299 realem
336 2227 420 2298 illarn
433 2232 678 2320 dependentium
692 2236 870 2322 supponit,
890 2257 946 2300 seu
963 2257 1049 2324 quae

203 2321 301 2392 habet
306 2317 565 2402 fundamentum
583 2329 679 2390 inre.
707 2324 757 2388 Ex
773 2321 820 2388 his
842 2323 953 2410 paucis
974 2325 1050 2390 cla-

206 2410 325 2482 rissime
347 2429 459 2502 patere
483 2410 644 2494 arbitror,
670 2411 750 2502 quid
771 2413 811 2479 sit
834 2411 958 2480 relatio.

237 2751 240 2756 ,
287 2736 289 2742 ,
322 2615 327 2625 ,
379 2671 524 2746 ἙΙΝΙδ-
542 2666 863 2747 ONTOLOGIAE.
