2326 3438
117 238 159 306 in'
178 236 245 307 hae
256 233 505 304 nltima=·tentari
516 247 616 324 atque
627 231 748 304 institui
769 236 894 326 pertint
907 261 973 308 no-

117 350 178 392 -va,
195 327 398 394 ethactenus
414 325 553 392 inaudita
573 324 800 412 experimenta.
824 329 870 392 At
883 331 974 416 qnod

126 417 172 482 ad
194 416 326 486 animant
348 435 491 481 nostram
512 412 651 492 attinet,
680 417 893 502 experimenta
908 419 972 509 ipri
1059 419 1066 434 “

110 503 263 574 ‚hominis
287 504 440 574 creationi
463 523 582 570 coaeva
604 520 704 580 sunt,
728 503 840 570 mentis
856 527 973 600 nempe

119 595 328 682 operationes
346 593 377 658 in
398 613 597 682 unoquoque
618 589 745 660 homine
769 593 896 662 eaedem
911 620 972 686 ge-

117 699 263 763 runtur,
280 683 354 752 licet
372 705 435 748 non
448 681 557 748 eadem
570 677 611 744 ab
625 679 771 760 omnibus
782 727 794 760 ,
808 700 840 748 et
856 700 875 750 a
889 687 973 756 mul·

119 771 238 840 tissete
251 771 522 856 nullalattentione
536 765 756 836 observentur.
766 767 858 850 Quae
870 795 971 862 quum

113 860 173 926 ¹ita
188 862 268 940 sint,
284 862 315 926 in
329 859 525 948 explicandis
541 856 660 924 animae
674 858 912 944 operationibus
927 909 937 946 ,
950 866 972 930 ῖ.

111 970 338 1038 pram-sensus
353 949 450 1014 intimi
466 965 497 1014 et
511 945 724 1014 conscientiae
738 947 835 1036 magis
848 995 860 1026 ,
874 974 972 1040 quem
1007 1005 1009 1012 Α

113 1038 374 1106 :ratiocinationis
395 1034 639 1126 philosophicae
668 1037 889 1102 auctoritatem
910 1063 972 1130 ap.
1004 1119 1008 1128 Ι

104 1185 108 1192 .
124 1126 308 1214 pellandam
319 1125 388 1194 mihi
403 1148 472 1194 esse
485 1126 637 1192 existimo.
654 1122 755 1188 Porro
773 1124 971 1200 intellectum

125 1231 162 1282 et
190 1216 383 1282 voluntatem
405 1214 683 1290 consideraturus,
708 1211 787 1283 duas
804 1215 921 1284 scilicet
934 1241 970 1291 a·

122 1303 229 1371 nimae
248 1304 434 1383 facultates,
451 1323 582 1389 quatum
598 1300 698 1388 prima
722 1302 763 1368 arl
790 1304 969 1389 veritatem,
1000 1377 1002 1384 ,

107 1393 222 1462 ”altera
238 1412 343 1462 autem
360 1392 400 1458 ad
414 1392 564 1458 virtutem
586 1391 669 1456 flecti
684 1389 779 1457 debet
796 1436 806 1469 ,
822 1393 872 1460 vel
889 1396 969 1468 nihil
995 1442 1006 1466 ..

109 1483 174 1548 -rel
188 1481 298 1548 leviter
318 1482 471 1569 attingam
487 1479 685 1568 quaestiones
699 1479 729 1540 in
747 1479 849 1566 logica
862 1501 919 1551 aut
935 1510 970 1557 e·

111 1570 206 1635 ·thica
226 1569 469 1638 convenientius
490 1565 668 1638 tradendas.
690 1564 758 1640 Suip
785 1569 866 1632 enim
890 1571 968 1642 locir

73 1720 77 1726 .
120 1660 246 1748 singula
261 1662 389 1728 tractari
404 1659 566 1725 doctrinae
585 1655 667 1720 ordo
684 1655 836 1742 postulat.
898 1719 919 1734 1,

108 1801 113 1816 ,
190 1749 239 1816 De
253 1749 381 1815 scientia
396 1747 517 1812 animae
535 1748 569 1809 ira
579 1741 755 1816 ordinanti
764 1764 881 1832 corpur
896 1790 906 1827 ,
922 1743 968 1814 si'-

114 1859 160 1903 -ue
176 1836 218 1904 de
240 1827 473 1904 sensationibus
487 1833 583 1900 fusius
599 1877 609 1912 ,
625 1853 720 1920 quam
739 1853 794 1920 par
809 1850 856 1899 est
873 1881 882 1914 ,
899 1835 967 1907 dir.

109 1946 237 2013 putate
253 1926 403 1992 videntur
417 1923 625 2012 metaphysici
641 1923 803 2002 nonnulli,
817 1923 870 2010 qui
888 1948 967 2013 pro·

120 2017 261 2082 lixiorem
276 2063 287 2094 ,
301 2037 379 2102 quae
402 2013 541 2080 medicos
561 2009 655 2096 magis
667 2033 765 2097 quam
792 2015 967 2106 metaphy-

119 2105 200 2168 sicos
221 2105 335 2183 decet,
351 2102 475 2168 humani
496 2101 642 2184 corporis
658 2118 825 2172 anatomen
840 2099 966 2180 deseri,-

107 2191 211 2258 bunt.
236 2193 433 2259 Sensationes
450 2234 460 2267 ,
475 2186 751 2274 imaginationem,
769 2192 964 2275 memoriam,

119 2283 245 2370 aliaque
274 2280 307 2346 id
332 2301 431 2368 genus
452 2274 636 2344 difficillima
669 2273 967 2361 animaecorporis.

118 2393 181 2459 que
203 2391 315 2435 ateana
343 2389 400 2455 per
427 2367 595 2454 spirituum
623 2362 801 2441 animalium
831 2362 987 2432 fibtillaa
1022 2365 1026 2372 '

106 2480 256 2546 ,rumque
280 2473 401 2524 motum
429 2455 597 2545 generatim
621 2451 780 2540 explicate
806 2449 965 2525 laborant.

109 2547 246 2626 Quibus
276 2547 405 2633 quidem
431 2544 543 2612 auditis
573 2538 839 2628 explicationibus
861 2541 966 2630 ¹nihilp

108 2635 296 2702 :doctiorem
321 2657 355 2700 se
386 2634 555 2721 quisquam
578 2630 711 2700 sentiet,
743 2628 965 2709 Certissimum

107 2725 249 2812 ⁴quidem
263 2741 312 2790 est
325 2771 335 2800 ,
350 2721 543 2788 sensationes
557 2737 679 2786 nostras
691 2740 731 2784 ex
742 2719 869 2806 organis
885 2743 964 2802 cer„

103 2817 220 2900 *poreis
235 2811 439 2898 penderent
453 2806 666 2878 mechanicam
681 2809 892 2888 sensationum
909 2835 965 2875 ar.

104 2917 181 2971 aem
205 2903 394 2994 illatumque
419 2897 635 2976 admirabilem
657 2894 925 2994 trutanniam
936 2923 964 2982 tt
1044 2923 1047 2928 '
