2264 3420
198 109 241 176 88
405 118 410 129 '
466 127 652 173 tnsnrrvn.
681 111 816 171 linteos.
887 109 902 131 '³

187 195 314 284 inceps.
330 196 406 260 Hoc
422 213 527 260 autem
544 197 640 261 modo
657 196 760 281 ipsum
776 193 955 260 obiectur'n
970 199 1093 262 memo

194 291 256 351 riae
277 286 459 348 mandamus
482 307 522 349 eo
543 284 672 370 quidem
692 305 837 347 successu
849 333 860 362 ,
887 303 929 349 ut
951 285 1091 371 perinde

193 377 251 448 sit;
277 374 358 436 acsi
385 374 509 436 unicum
532 374 560 435 A
582 373 632 437 vel
655 372 681 434 B
704 373 755 436 vel
775 372 804 436 C
828 373 930 438 velE
959 398 1090 439 memo-

193 462 256 526 riae
273 461 501 525 mandaremus.
515 461 641 526 Contra
654 482 740 538 vero,
753 463 805 545 qui
818 459 996 526 obiectum
1010 485 1089 527 non·

194 553 250 613 nisi
270 547 415 616 confosse
438 550 594 634 percipit,
618 568 721 634 partes
743 549 860 614 obiecti
881 573 954 613 non
974 551 1086 615 distin-

193 640 280 725 guit,
303 659 340 700 ac
365 636 497 721 proinde
513 639 552 702 ad
576 657 738 702 numerum
761 638 984 723 ordinemque
1007 663 1077 724 par·

192 729 271 790 tium
290 749 353 788 non
371 727 529 801 attendit3
552 727 687 810 ideoque
712 723 849 790 subsidio
874 727 1080 806 destitutus

192 837 258 902 quo
282 814 312 875 in
336 813 484 878 distincta
508 814 799 900 perceptione-idea
822 814 977 900 ipsiusB
1002 815 1074 902 pross

193 903 320 968 ducitur
340 925 404 990 ope
428 902 553 968 alterius
578 905 629 975 Α,
653 903 721 967 idea
738 901 832 987 ipsius
850 903 881 964 C
899 923 973 990 ope
999 907 1061 968 alte-

193 994 255 1056 tius
281 992 327 1069 B,
350 1010 382 1056 et
405 991 447 1060 ira
473 1011 580 1077 porro.
609 991 697 1056 Haec
720 988 875 1056 iuvandae
892 996 1061 1066 ‚memoriae

192 1081 274 1146 ratio
301 1082 504 1143 continuatur
531 1077 625 1143 etiam
652 1102 669 1144 a
699 1079 879 1166 posteriori.
911 1081 1066 1145 Ponamus

193 1173 293 1238 enim.
314 1185 344 1233 te
366 1169 466 1254 legere
486 1165 648 1231 historiam
669 1167 839 1254 quamdam
864 1169 1069 1253 prolixiorem

193 1259 361 1341 multisque
385 1255 539 1340 perplexis
563 1257 803 1320 circumstantiis
822 1256 1024 1322 involutam.
1044 1257 1072 1322 Si

193 1345 362 1411 lectionem
379 1344 422 1408 ita
438 1345 597 1422 instituas,
615 1361 651 1408 ut
665 1362 786 1410 textum
801 1348 944 1408 auctoris
960 1347 1070 1410 distin·

193 1453 244 1498 cte
261 1435 417 1509 resolvas,
435 1431 555 1520 singula
573 1431 654 1496 facta
671 1434 992 1518 circumstantiumque
1011 1437 1071 1498 sin-

196 1524 285 1609 gulas
299 1544 314 1585 a
329 1537 359 1586 se
374 1522 505 1583 invicem
524 1541 691 1608 separans,
709 1541 740 1586 et
757 1543 795 1586 eo
811 1521 945 1598 ordi-ne,
960 1544 1029 1611 quo
1043 1545 1072 1588 se

193 1612 326 1674 invicem
342 1609 503 1696 excipiunt
519 1610 727 1694 perpendens3
744 1631 791 1686 ea,
810 1631 892 1694 quae
905 1609 1029 1698 legisti,
1044 1630 1071 1677 te

194 1699 425 1762 accuratissime
438 1706 578 1784 enarrar'e
591 1719 703 1784 posse,
714 1698 880 1784 intelliges.
891 1695 954 1762 Illa
967 1718 1066 1763 nutem

196 1807 259 1850 nou
277 1786 414 1849 adhibita
431 1785 589 1871 diligentia
602 1829 609 1862 ‚
623 1787 703 1850 idern
718 1809 735 1850 a
751 1795 782 1851 te
799 1786 863 1851 lieri
875 1795 947 1850 non
966 1809 1068 1874 posse,

196 1874 436 1949 animadversos,
451 1873 524 1938 lieet'
537 1874 649 1940 eodem
660 1891 828 1937 consumto
843 1893 996 1960 tempore
1011 1895 1068 1939 tex·

197 1980 264 2026 tum
276 1965 411 2042 auctoris
426 1964 553 2050 saepius
571 1963 728 2048 relegeris·
739 1959 830 2026 Idem
846 1964 984 2046 experiri
1001 1965 1067 2028 licet

199 2052 589 2116 sive-tibrumlrtsroricum
606 2053 670 2115 sive
685 2051 899 2136 dogmaticum
918 2051 1066 2136 legamus.

197 2137 242 2202 Et
255 2138 304 2202 tris
318 2149 526 2204 consentaneo
541 2153 589 2204 'est
604 2142 724 2226 praxis,
741 2160 802 2222 qua
817 2139 970 2202 memoria
986 2141 1066 2203 iuva·

146 2229 153 2242 ‘
197 2243 262 2307 tur,
275 2227 371 2316 qualis
385 2216 732 2303 eltutus'tabullar'urn,
746 2230 780 2290 in
791 2225 905 2313 quibus
918 2233 984 2290 uno
997 2249 1065 2314 qua·

199 2320 223 2382 si
237 2323 414 2405 conspectu
428 2316 618 2382 exhibentur
629 2316 795 2402 dogmata',
811 2336 893 2399 quae
906 2314 948 2380 de
964 2317 1062 2400 aliquo

200 2425 386 2494 argumento
406 2397 652 2482 retentatum,
677 2423 707 2468 et
728 2406 757 2466 in
779 2401 891 2467 classes
917 2407 1062 2489 quasdam

200 2490 1060 2582 generalesrevoc‘antunlnhisverotabullisconlicien·

201 2581 248 2645 dis
273 2579 415 2648 habenda
436 2597 482 2667 est
505 2582 582 2644 ratio
606 2581 745 2659 ordinis,
774 2599 839 2665 quo
864 2579 1009 2665 dogmata
1023 2578 1058 2642 orl

199 2669 280 2734 idem
296 2685 514 2753 augumentum
532 2667 717 2754 pertinentia·
738 2689 803 2732 sese
821 2667 954 2732 invicem
979 2667 1057 2734 exci-

199 2756 366 2842 piunt-clix
385 2756 430 2818 lris
453 2775 527 2840 ergo
543 2773 651 2844 patet,
676 2758 832 2842 duplicem
854 2777 922 2819 esse
947 2767 1055 2820 memo·

201 2846 263 2907 rite
290 2843 437 2927 speciem.
463 2844 530 2906 Alia
552 2841 717 2907 naturalis
740 2843 935 2926 appellatur,
953 2844 1056 2928 quasi·

157 3007 160 3016 γ
200 2951 241 2994 ne
262 2931 322 2993 ulla
344 2929 568 2995 exercitatione
587 2932 693 3017 ullove
714 2931 841 2994 artificio
861 2930 989 3012 praediti
1007 2937 1060 3012 su-'

201 3035 291 3082 mut:
313 3017 489 3085 allatorem
510 3014 701 3108 artificialis
710 3064 722 3095 ,
740 3037 820 3104 quae
844 3017 1055 3106 exercitatione
