2264 3420
182 142 244 190 aee
308 171 318 204 0
408 131 834 190 *emmerammum

184 231 253 278 rum
270 205 344 273 nihil
372 207 540 278 arteniioni
571 211 668 295 magis
694 206 802 272 obstet
816 225 945 293 ,onam
977 207 1108 284 inordil

172 317 278 364 :nurus
293 297 477 364 adfectuum
490 299 644 380 romuleos
661 339 671 376 ,
687 315 785 382 qoem
800 295 941 382 proinde
973 318 1090 362 summa

184 407 260 450 eura
275 384 439 452 declinare.
449 385 569 454 debent
583 406 647 450 non
662 387 764 448 solum
792 385 942 448 scientiae
976 387 1090 452 redte

184 474 348 540 ctitudinis
365 492 397 540 et
411 474 535 540 vintoris
548 491 715 540 amotores.
757 547 759 552 ,
795 507 798 513 ·
817 525 820 530 ,

228 560 316 630 VII.
361 564 412 628 En
443 563 640 650 praecedenti
666 558 775 628 mentio
801 555 964 638 facultate
995 562 1087 626 narci-

185 664 241 716 rnr·
254 651 314 716 alio
332 695 341 728 ,
363 655 582 740 quae‘ingenr'i
595 671 733 714 acumen,
759 662 855 732 atque
868 647 1084 734 profunditas

183 738 372 806 intellectus
389 740 542 825 appellari
558 755 665 826 potest
681 781 690 814 ‚
715 757 813 820 eoque
834 753 883 800 est
899 733 1038 822 facultas
1056 740 1081 802 in

185 847 252 890 ono
267 829 365 890 muira
382 827 591 916 distinguendi
609 871 619 904 ,
635 843 666 890 et
681 826 826 888 notiones
857 822 1028 891 distinoter
1049 827 1078 888 in

186 914 261 979 alias
277 914 479 1001 simpliciores
495 913 684 981 resolvendi.
715 911 800 976 Hinc
827 913 1014 978 intellector
1037 935 1072 976 eo

187 999 376 1090 profundior
391 1023 543 1092 enr,qoo
575 1002 696 1090 longius
711 1002 743 1064 in
774 1002 949 1066 notionum
982 1001 1068 1090 analy-

187 1090 212 1156 εἰ
228 1092 374 1181 progredi
389 1099 508 1179 potestss
532 1089 635 1161 Vnde
650 1104 739 1178 patet
756 1129 766 1165 ,
791 1089 983 1154 intellectus
1011 1111 1072 1176 pro-

186 1173 373 1244 funditatem
390 1179 512 1268 adquiri
528 1179 634 1244 studio
651 1177 849 1258 scientiarum
866 1219 876 1253 ,
894 1179 929 1242 in
977 1178 1075 1264 quibus

187 1283 292 1350 partes
318 1288 428 1354 omnes
466 1268 507 1332 ita
533 1270 612 1334 inter
642 1289 674 1332 se
698 1286 861 1351 connexae
890 1283 977 1332 eunt
996 1284 1029 1330 nt
1046 1265 1077 1330 ah

185 1350 383 1418 instrioribus
395 1356 560 1444 sequentia
575 1376 699 1439 semper
730 1355 890 1440 pendeant
909 1397 920 1432 ,
939 1372 978 1418 et
1004 1355 1076 1420 norio

167 1487 171 1495 .
189 1441 345 1525 quaelihet
360 1443 391 1515 in
406 1447 574 1510 ameriores
589 1443 752 1508 continuo*
772 1439 890 1505 resolvi
909 1444 1015 1527 possit
1028 1459 1078 1522 ,nt

188 1529 278 1596 fitin
304 1531 443 1598 mathesi.
472 1530 688 1610 Quamobrem
718 1530 849 1596 maxime
873 1531 1079 1608 suadendum,

191 1617 288 1683 immo
301 1622 476 1709 urgendum
491 1639 541 1686 est
555 1666 566 1699 ‚
581 1637 617 1686 ut
640 1639 672 1686 et
699 1618 834 1706 plurima
850 1619 881 1680 in
914 1619 1015 1686 rebus
1037 1621 1079 1683 di·

166 1706 349 1792 -rtingnere
363 1756 374 1786 ,
401 1729 497 1793 atque
523 1707 711 1790 universalia·
735 1705 919 1775 abstrahere
951 1725 988 1772 et
1011 1728 1078 1794 qnae

167 1853 171 1858 .
188 1792 411 1884 distinguimur
427 1816 523 1882 arque
539 1793 771 1873 abstrahimus,
786 1794 907 1880 singula
933 1815 1000 1862 suo
1016 1817 1080 1884 pro·

189 1884 262 1970 prio
275 1884 402 1950 nomine
417 1884 541 1952 adferre
568 1886 732 1951 discamus.
761 1881 812 1948 Ita
840 1881 975 1948 demum
1004 1907 1079 1973 prae·

165 2013 169 2018 -
190 1971 309 2036 clarum
323 1973 474 2038 acuminis
493 1997 530 2038 ac
545 1971 777 2060 profunditatis.
791 1971 988 2036 ‘intellectus
1019 1997 1079 2064 gn-

154 2132 157 2138 ,
192 2059 267 2122 dum
281 2083 297 2122 a
312 2060 403 2125 nobis
432 2063 553 2145 adquiri
567 2071 587 2140 ,“
603 2063 807 2148 experiemur.
836 2057 919 2126 Eam
949 2059 998 2124 ob
1014 2083 1081 2127 cou-

190 2166 254 2210 eam
272 2168 393 2210 summo
421 2152 527 2215 srudio
552 2152 751 2226 curarimus,
784 2164 820 2212 ut
846 2147 877 2210 in
906 2152 1031 2214 nostris
1044 2152 1082 2213 in·

117 2303 120 2309 ,
192 2235 410 2302 stiturinnibur
439 2235 666 2325 philosophicis
694 2237 1003 2322 omnie‚quanrum
1031 2239 1083 2304 fieri

190 2341 325 2410 potest,
342 2345 503 2414 perpetuo
531 2343 614 2390 nexu
634 2327 849 2414 iungerentur.
879 2322 977 2388 Nihil
998 2328 1083 2416 magis

190 2432 306 2498 vagum
334 2431 436 2481 estet
462 2412 641 2502 ambignum
669 2415 700 2475 in
730 2410 916 2496 quotidiano
949 2434 1083 2480 sermone

137 2547 167 2570 p,
191 2519 285 2584 quam
302 2503 425 2588 ingenii
451 2503 653 2570 vocabulum.
684 2499 805 2588 Ingenii
822 2499 951 2566 nornine
980 2503 1083 2592 vulgos

189 2584 364 2674 intelligere
378 2590 572 2656 soletocuris
587 2586 873 2678 argntisquedicris
901 2587 1036 2658 ludendi
1060 2607 1083 2656 er

189 2671 319 2736 iocandi
332 2673 512 2743 facilitatem
527 2680 602 2752 palii
618 2678 785 2764 quamdam
813 2674 908 2740 animi
940 2679 1085 2744 alacrita-

188 2773 255 2824 rem
270 2761 447 2849 intelligunt
464 2789 473 2838 3
497 2766 547 2828 alii
561 2767 636 2830 aliar
658 2764 904 2852 significationes
935 2766 1085 2832 tribuunt.

190 2846 253 2910 Sed
281 2861 325 2910 nt,
347 2851 515 2932 plurimum
543 2853 703 2938 praeclaro
722 2853 833 2938 ingenii
857 2852 991 2918 nomine
1012 2853 1087 2920 ahu·

189 2947 312 3016 cuntur,
344 2933 414 2996 Nos
446 2957 550 3003 autem
584 2939 698 3028 ingenii
734 2937 894 3001 vocabulo
928 2960 1005 3006 eam
1044 2943 1087 3006 tri·

189 3017 314 3086 buimuc
343 3021 603 3108 significationem·
624 3070 635 3106 ,
660 3047 742 3114 qnae
758 3025 893 3100 maximo
919 3024 955 3092 in
991 3030 1085 3120 pretio
