2258 3428
267 124 351 172 anne
374 122 401 170 ι.
425 121 585 183 notarent,
608 119 683 170 ott.
708 121 752 170 tt.
880 127 924 198 «ῃ

79 193 230 266 eiusdem
246 193 395 284 simplicis
419 194 575 260 essentiae
593 189 726 258 diversis
747 191 932 286 notionibus

82 285 308 374 percipiuntur
327 307 338 363 3
369 281 426 348 sed
460 304 543 371 qnae
581 280 712 348 diversis
748 282 931 358 notionibus

84 376 339 462 percipiuntur,
366 395 402 438 ea
419 371 527 458 aliquo
554 372 652 435 nrodo
682 369 930 462 distinguuntur:

87 484 162 552 ergo
188 462 316 549 plurimi
343 460 460 548 gradus
476 460 569 524 unius
593 476 625 525 er
642 460 783 528 eiusdem
809 465 932 553 simpli·

86 553 127 616 cis
140 551 300 618 essentiae
320 549 557 638 distinguuntur
571 551 621 614 vel
637 549 781 628 realiter,
808 552 858 619 vel
874 575 932 640 pet

81 661 249 716 mentem
274 639 363 726 arqui
379 659 443 702 non
458 637 700 726 distinguuntur
721 639 865 718 realite13
883 665 932 728 rep

80 733 192 808 enim,
219 748 359 816 quaeex
388 726 533 815 pluribus
554 729 634 790 inter
651 747 683 792 se
708 727 832 794 realiter
861 730 933 796 dis-

78 817 192 884 tinctis
222 833 375 895 constat,
401 837 466 880 non
492 833 540 882 est
568 813 726 899 simplex,
756 817 811 884 sed
836 841 933 882 com..

79 908 221 996 posita,
251 904 341 992 quod
369 920 415 970 est
444 922 556 970 contra
588 900 821 992 hypothesim:
855 931 932 999 ergo

79 999 239 1085 superest
256 1040 267 1071 ,
289 1010 330 1069 1ιιι
346 991 580 1078 distinguantur
596 1011 653 1080 per
671 1009 819 1058 mentem.
847 995 932 1063 Pot-

82 1105 124 1148 rn
153 1104 221 1146 non
251 1081 486 1170 distinguuntur
512 1104 568 1166 pet
595 1099 760 1161 mentem,
792 1077 848 1148 nisi
870 1087 935 1152 ali.

86 1171 183 1261 quod
210 1171 249 1235 sit
271 1171 483 1236 distinctionis
510 1167 765 1236 fundamentum.
794 1171 824 1236 si
850 1173 933 1252 enim

81 1261 212 1328 nullum
227 1281 308 1326 esset
326 1256 567 1330 fundamentum
590 1256 801 1324 distinctionis
823 1305 834 1342 ‚
864 1263 935 1332 nul.

79 1353 112 1416 la
128 1350 193 1417 fieri
216 1367 329 1439 posset
342 1371 418 1416 vera
443 1348 631 1428 distinctio,
654 1354 708 1413 sed
725 1366 848 1418 tanturn
866 1353 935 1418 dis-

82 1441 199 1504 tinctio
227 1439 357 1513 rationis
376 1435 630 1515 ratiocinantis,
661 1457 740 1522 quae
768 1441 852 1502 nulla
877 1461 935 1508 est.

83 1525 206 1613 Iraque
224 1525 469 1615 distinguuntur
494 1548 552 1614 per
568 1523 707 1600 mentem
726 1545 797 1588 curn
820 1523 936 1596 funda.

87 1632 202 1682 mento
219 1637 274 1680 seu
296 1619 438 1700 virtute,
467 1634 568 1702 atque
595 1631 631 1680 ut
656 1611 858 1696 loquuntur,
888 1641 937 1684 ta·
975 1672 977 1677 s

88 1705 183 1769 tione
207 1704 402 1770 ratiocinata.
432 1703 608 1784 Diximus,
633 1699 790 1788 plurimos
821 1699 936 1792 gradus

93 1812 169 1854 curn
191 1788 392 1860 fundamento
414 1789 594 1880 distingui3
627 1791 699 1878 quia
716 1791 853 1880 gradus,
880 1797 935 1882 qni

89 1882 122 1946 in
146 1901 206 1945 suo
226 1903 386 1970 conceptu
408 1881 487 1946 alios
506 1879 664 1971 quosdam
681 1879 839 1963 includit,
871 1889 936 1953 sine

86 1969 147 2036 illis
156 1969 291 2060 intelligi
318 1993 390 2036 non.
410 1988 546 2059 potest,
577 1989 635 2034 nec
659 1968 699 2033 ab
722 1970 757 2035 iis
771 1972 936 2056 adaequaa

87 2078 121 2125 re
149 2060 376 2148 distinguitur,
407 2075 442 2124 ut
468 2057 647 2124 hnmanitas
672 2057 736 2122 sine
757 2063 937 2129 animalita-

87 2165 180 2214 teet
208 2149 446 2226 rationalitate,
474 2169 553 2238 quas
579 2144 848 2230 comprehendit,
876 2173 937 2218 ne·
979 2147 980 2154 '

85 2237 158 2325 quit
183 2236 339 2326 intelligi,
371 2259 475 2324 neque
490 2236 531 2301 ab
557 2235 590 2298 iis
608 2233 699 2298 simul
721 2239 850 2322 sumptis
874 2239 937 2306 dis.

6 2341 9 2352 '
86 2327 268 2414 tinguitur,
299 2327 376 2416 licet
408 2324 621 2412 inadaequate
655 2321 868 2412 distinguatur
895 2327 937 2398 ab

88 2435 318 2504 unoquoque,
346 2433 381 2480 ut
405 2432 511 2492 totum
533 2436 550 2496 a
579 2433 637 2478 sua
658 2428 759 2502 parte·

139 2587 469 2698 sotVVNTVn
492 2557 895 2664 ontncnronn's.

158 2763 286 2835 Obiter.
318 2787 346 2832 ι.
374 2767 468 2848 Quae
495 2770 627 2842 diversis
653 2766 730 2832 ideis
757 2791 941 2858 repraesen.

90 2872 204 2932 tantur
218 2889 232 2942 ,
251 2875 315 2956 ,aut
331 2858 556 2948 quaehabent
572 2858 711 2942 divertas
727 2855 941 2952 definitiones,
