2258 3428
226 175 269 250 74
459 182 662 228 tannasara.
679 183 822 230 roanos.

466 337 741 410 ARTICVLVS
755 337 821 406 111.
916 391 918 399 s

241 514 300 586 Dr
322 514 580 594 universalibus,
602 515 1031 608 erdrssacromgradunm

466 663 468 673 ,
484 606 787 696 metaphysicorum.

226 800 447 953 Aristoteles
469 871 604 961 Stagyra
631 871 841 942 Macedoniae
869 871 994 959 oppido
1019 891 1052 934 o·

218 961 349 1026 sinodus
355 995 373 1041 ,κ
397 962 536 1039 Platonis
558 961 750 1048 discipulum
766 962 939 1028 Alexandri
963 961 1052 1046 Mag-

219 1054 252 1125 ni
273 1069 461 1137 praeceptor
482 1050 717 1138 philosophiam
736 1052 915 1118 uniuersam
942 1053 1053 1138 primus

221 1138 251 1208 in
281 1139 426 1213 ordinem
455 1137 607 1225 digessit,
633 1161 766 1228 eantque
794 1157 882 1209 certa
906 1135 1052 1204 methodo

219 1231 376 1292 tractavit.
402 1230 433 1292 A
463 1227 543 1292 libro
568 1230 912 1315 praedicamentorum,
930 1248 984 1294 seu
1006 1247 1053 1289 ca·
1079 1242 1081 1252 ’

219 1314 411 1404 rego'riarunr
433 1315 557 1409 *logicae
578 1337 649 1384 suae
672 1318 794 1382 initium
825 1314 921 1395 fecit,
939 1313 1052 1385 ,existi-

220 1425 307 1469 mans
333 1425 370 1482 ea
394 1405 519 1482 omnia,
542 1427 624 1490 quae
645 1425 750 1478 mente
775 1407 901 1494 concipi
922 1415 1052 1493 queunt,

184 1519 185 1522 ¹
220 1492 397 1564 ard-decem
422 1515 570 1582 suprema
601 1517 739 1581 genera,
768 1515 849 1579 quae
872 1493 1050 1580 praedira-

219 1599 330 1649 menta
349 1605 404 1649 seu
426 1589 611 1672 categorias
633 1583 826 1670 appellavit,
850 1603 946 1669 posse
968 1599 1051 1646 sero·

219 1672 294 1736 cari.
310 1673 395 1752 Quia
410 1693 487 1738 vero
498 1675 727 1760 categoriarum
745 1671 889 1738 doctrina
904 1673 936 1736 in
961 1669 1051 1736 scho-

220 1759 258 1824 lis
283 1783 398 1848 magno
424 1781 581 1848 apparatu
608 1761 736 1828 tractari
765 1760 954 1838 consueuitr
977 1758 1049 1822 hanc

220 1850 350 1913 omnino
374 1849 608 1934 praetermitere
634 1871 699 1914 non
725 1850 815 1916 licet.¹
833 1848 866 1914 'si
889 1869 971 1936 ergo
995 1862 1051 1910 rem

219 1951 320 2006 totam
343 1938 513 2022 explicant.
535 1937 673 2015 Omnia,
695 1959 776 2024 quae
796 1938 959 2025 percipere
987 1952 1051 2020 pos·

222 2045 332 2101 sumus
368 2023 409 2090 ad
438 2026 504 2093 duo
533 2047 679 2111 suprema
709 2048 822 2114 genera
851 2023 958 2091 referri
984 2039 1052 2109 pos·

221 2131 316 2195 sunt,
347 2115 388 2180 ad
412 2117 634 2180 substantiam
666 2116 834 2190 nimirum,
866 2135 951 2202 quae
977 2107 1052 2177 dici·

220 2219 273 2268 tur
300 2225 355 2268 ens
378 2225 438 2292 prr
460 2227 494 2270 se
518 2205 718 2282 subsistens,
743 2225 798 2270 seu
812 2203 902 2289 quod
919 2201 1051 2268 subiecto

221 2313 287 2356 non
316 2291 461 2383 indiget,
491 2294 541 2358 cui
568 2291 753 2371 inhaereat,
782 2292 823 2361 ad
849 2291 1053 2358 existendum,

221 2399 258 2457 ut
292 2381 369 2460 nix3
408 2400 439 2447 et
475 2381 516 2446 ad
553 2383 724 2460 accidens,
752 2380 840 2466 quod
866 2383 970 2447 estin
999 2373 1051 2441 aiio

220 2487 378 2556 tamquam
398 2471 431 2534 in
456 2469 618 2544 subiecto,
645 2475 711 2537 sine
732 2491 798 2556 qno
818 2491 886 2534 esse
909 2486 973 2532 non
988 2478 1052 2550 pot·

219 2577 295 2637 est,
325 2559 436 2648 saitem
465 2555 701 2638 naturalium
716 2569 766 2626 sut'
788 2557 931 2624 ai‘bitudo
955 2550 1048 2623 ‚nivis

220 2645 313 2726 Quae
330 2664 440 2712 'autem
462 2648 493 2710 in
516 2647 657 2713 subiecto
678 2649 777 2723 'srant.‚
803 2647 843 2716 ad
870 2662 1053 2728 ttoaemge-

221 2757 294 2804 nera
324 2757 377 2802 seu
406 2738 578 2825 categorias
607 2753 797 2802 revocantur
824 2734 863 2800 ab
899 2734 1053 2827 Aristote-

219 2825 272 2904 le,
295 2841 390 2912 atque
414 2824 485 2890 hinc
512 2847 658 2890 numerus
679 2824 888 2890 accidentium
912 2843 951 2886 ex
974 2815 1052 2880 vari⁸

211 2909 539 3004 interrogationibus,
558 2935 640 3005 quae
666 2913 732 2982 fieri
754 2931 890 3003 possunt
915 2908 956 2976 de
971 2902 1052 2970 subs·
