2270 3416
168 103 230 176 ist
421 131 608 180 nescim.
631 127 772 178 rustes.
821 135 851 149 ··

161 200 264 266 tiones
296 196 455 266 facultatis
483 202 719 288 cognoscitivae
744 199 777 262 in
800 194 912 262 anima
945 195 1096 265 humant

162 305 237 352 tunt
250 292 366 352 malunt
385 288 654 378 metaphysicum.
670 289 748 352 Sunt
776 303 889 352 autem
915 287 1015 352 adeo
1034 310 1096 353 ne-

163 374 339 452 cessariae,
356 394 410 452 ut,
425 377 461 442 iis
479 377 592 442 ablatis
613 397 679 442 non
701 375 836 460 amplius
854 391 1002 441 maneat
1019 376 1093 440 ani·

161 485 212 528 ma
228 463 374 528 humana.
399 463 502 551 Igitur
515 465 651 530 facultas
664 463 888 552 cognoscendi
904 462 940 526 in
957 463 1089 528 homine

161 572 226 616 non
255 550 329 616 ideo
344 570 389 618 est
407 554 555 632 limitata,
572 551 648 640 quia
663 551 806 618 decrevit
820 551 917 616 Deus
936 550 1005 616 has
1020 554 1085 616 ani-

161 661 231 706 mae
246 637 401 704 humanae
412 643 634 720 limitationes,
651 642 706 706 sed
730 642 804 726 quia
819 641 1021 726 producere
1035 643 1082 706 de-

162 727 264 792 crevit
279 728 455 806 hominem,
469 731 522 816 qui
538 729 659 814 absque
674 729 919 792 limitationibus
946 729 1082 816 produci

159 835 226 880 aon
243 833 382 902 poterat.
406 815 614 902 Philosophi,
636 819 689 905 qui
704 817 787 882 ideas
812 823 927 884 terrina
947 817 1078 882 arbitra·

162 904 222 966 tias
254 903 376 991 fingunt
402 907 435 970 in
457 906 620 973 intellectu
650 904 778 984 divino,
802 915 838 972 'et
864 906 1076 970 -timitatiosss

116 991 120 998 ’
142 1036 146 1050 ,
163 991 458 1058 determinationum
476 991 688 1062 essentialium
714 991 791 1062 ideis
815 1015 925 1058 retum
944 996 1071 1080 perde-

162 1099 282 1148 cresunt
310 1078 466 1159 inferunt;
484 1082 516 1146 in
545 1082 695 1148 doctrina
707 1082 782 1148 mali
796 1081 1075 1148 inextricabilibus

166 1189 235 1236 sese
260 1170 421 1256 implicant
447 1169 710 1249 disficuttssibus,
724 1190 804 1258 quas
826 1169 1073 1256 superant,qui

165 1256 313 1324 essentias
329 1279 432 1323 retunt
457 1279 617 1334 aeternat,
635 1259 827 1326 necessarias
842 1276 874 1322 et
894 1258 1068 1322 immutahi⁶

164 1343 211 1410 les
252 1343 435 1432 philosophi
468 1369 505 1412 ae
549 1345 691 1434 theologi
724 1345 767 1412 a'd
801 1345 942 1412 Cartesii
979 1366 1069 1434 usque

164 1447 308 1525 tempora
332 1435 469 1500 unanimi
495 1455 652 1500 consensu
678 1433 847 1522 probatas,
875 1451 1072 1523 agnoscunt,

103 1561 106 1568 ι
165 1521 336 1588 etidcirco
360 1541 556 1610 praesentem
581 1523 835 1610 propositionem
848 1539 883 1588 et
900 1541 1072 1613 sequentes

156 1613 332 1699 'tamquam
356 1609 456 1699 probe
480 1611 635 1678 notandas
652 1609 860 1678 inculcamus.

165 1782 276 1852 sites
324 1799 469 1856 rnrsto's
509 1807 553 1852 nx
592 1801 965 1855 nnstnmsrurotsvtt
1015 1806 1071 1853 nt·

210 1893 467 1946 snrusnonrtvst
518 1893 818 1943 trutcsrtomnvs
864 1891 1069 1942 ostrvttrva

209 1980 391 2040 rnutuors,
423 1985 469 2032 no
507 1983 674 2042 cerunt,
699 1977 810 2032 sum
848 1983 953 2028 ursan
996 1981 1070 2029 stur

210 2068 305 2114 svnt
321 2095 332 2128 ,
358 2072 402 2114 ιτ
430 2053 524 2118 Dcvs
561 2071 626 2118 tun
659 2069 859 2122 scrutantes
895 2069 1062 2118 struentem

205 2148 520 2207 ‘transmissurus
568 2161 615 2208 sn
653 2157 847 2206 snavscvn
886 2158 931 2204 nt
984 2158 1068 2207 msa

209 2241 331 2293 sevum
353 2246 531 2297 tosssmsrs
553 2247 656 2322 nutu
683 2243 893 2298 urenevit.

619 2353 624 2386 l

208 2398 311 2469 XVI.
356 2403 451 2468 Proh.
477 2405 521 2470 Et
548 2403 675 2494 quidem
689 2400 791 2468 Deus
814 2415 888 2490 per'
903 2401 1065 2470 seientiam

120 2554 123 2561 ,
165 2485 309 2572 simplicis
335 2492 558 2583 intelligentiae
583 2489 806 2558 antecedenter
834 2489 876 2556 ad
899 2490 1065 2559 ,decretura

149 2594 275 2650 ‚omnes
302 2581 448 2644 essentias
466 2582 659 2666 naturasque
675 2578 837 2664 possibiles
854 2577 1064 2659 intuetur,ac

164 2661 300 2748 proinde
325 2667 355 2727 in
385 2668 453 2735 idea
470 2670 577 2734 mundi
590 2667 742 2754 possibilis
768 2666 911 2734 intuetur
936 2689 1063 2756 quoque

166 2769 275 2813 omnes
303 2771 476 2838 corporum
499 2759 647 2822 essentias
675 2771 773 2841 atque
787 2769 929 2831 naturas,
958 2777 1061 2822 eorum

165 2853 308 2918 mutuam
337 2843 586 2921 connexionem,
611 2845 750 2930 ideoque
774 2860 883 2908 omnes
912 2845 1060 2910 mutatio-

164 2940 220 2984 nes
238 2925 392 2990 naturales
407 2933 573 3014 omniaque
587 2933 668 2996 mala
683 2928 816 3018 physica
832 2929 904 2998 inde
915 2930 1059 3000 oriunda.

163 3003 331 3099 Exemplo·
348 3033 397 3079 res
419 3017 581 3086 manifesta
604 3037 673 3104 ess,
702 3021 728 3086 si
753 3036 866 3088 ventus
893 3016 1055 3087 vehemens
