2258 3428
215 142 283 203 ,ηρ
461 139 657 188 rusrtrvr.
675 139 817 186 sttruos.

216 211 364 292 duntur,
400 213 542 298 quamvis
572 209 726 274 vanissimi
753 212 815 273 sint
844 208 925 272 soni.
953 207 1054 288 Quod
1127 259 1128 270 2

217 322 281 386 qua
302 301 422 364 ratione
447 300 529 379 fiat,
551 296 776 386 explicandum
803 315 861 362 est.
888 299 917 360 si
932 320 972 362 ex
991 322 1053 362 vo-

216 389 337 454 cabulis
357 387 575 472 simplicibus,
598 386 713 474 quibus
741 387 871 474 singulis
901 407 957 450 sua
985 409 1053 452 res-

215 477 340 562 pondet
361 476 452 539 notio
467 521 478 555 ,
494 475 649 541 formatur
665 475 856 540 vocabulum
880 475 1057 562 complex-⁴
1128 502 1129 511 2

218 587 300 643 um,
329 564 472 629 videmur
500 563 625 644 nobis,
657 563 775 630 habere
805 564 967 628 notionem
993 586 1056 629 vo-

216 653 331 736 cabulo
355 653 523 738 complexo
548 654 792 740 respondentem
811 645 908 732 ,licet
924 651 1000 717 haec
1018 678 1053 720 re

218 765 292 807 vera
317 743 412 806 inanis
426 745 476 808 sit.
492 743 523 806 si
550 745 631 807 enim
657 741 784 828 singulis
802 739 991 820 vocabulis,
1013 765 1054 807 ex

217 831 333 919 quibus
354 832 557 918 complexum
580 829 771 895 vocabulum
788 829 969 907 formatur,
994 851 1054 896 sua
1126 873 1127 877 =

216 921 391 1004 respondet
414 920 503 984 notio
529 919 619 984 nobis
648 937 815 1007 perspecta
829 962 839 997 ,
853 941 893 984 eo
906 919 1052 1003 prolatO,

215 1028 350 1074 mentem
377 1029 517 1074 nostram
540 1009 677 1075 subeunt
710 1007 856 1074 notiones
883 1006 1053 1072 vocabulis

215 1097 409 1184 simplicibus
438 1099 692 1184 respondentes,
713 1095 851 1184 ideoque
873 1095 1054 1184 intelligere

214 1185 305 1252 nobis
334 1186 475 1250 videmur
496 1204 639 1250 mentem
665 1187 848 1270 propriam,
875 1185 926 1249 vel
954 1207 1055 1250 meo-

215 1275 442 1338 senatorius
472 1275 671 1358 complexam
701 1295 813 1339 vocem
843 1271 1055 1360 proferentiss

214 1360 297 1426 Fieri
324 1382 429 1426 autern
456 1380 646 1451 potest,ut
672 1363 818 1427 notiones
848 1385 884 1426 ea
914 1384 1052 1448 teprae-

215 1467 366 1532 sentent,
391 1473 474 1538 quae
498 1453 587 1528 simul
608 1474 674 1518 esse
695 1473 759 1514 non
787 1467 945 1538 possunt,
963 1450 1052 1516 ideo·

188 1560 280 1627 'que
307 1559 342 1605 ut
367 1539 558 1605 vocabulum
586 1540 789 1626 complexum
815 1539 1051 1604 contradictio·

216 1649 287 1695 nem
310 1629 478 1692 involvat:
506 1628 708 1716 quamobrem
733 1645 766 1693 et
793 1627 882 1691 notio
898 1629 966 1714 ipsa
981 1626 1051 1692 ina-

214 1717 261 1785 nis
286 1735 342 1782 est.
370 1718 419 1780 Sic
443 1715 591 1782 bilineum
623 1718 739 1786 dicitur
763 1719 896 1802 spatium
922 1714 1046 1781 duabus

215 1805 301 1870 lineis
317 1804 594 1890 comprehensum.
620 1806 650 1870 Si
678 1808 748 1892 quis
771 1822 876 1870 autern
892 1803 1047 1870 biliosum

214 1892 405 1958 rectilineum
432 1891 541 1974 dicat,
575 1911 641 1958 tum
673 1893 755 1956 illius
780 1910 916 1974 mentem
953 1893 1048 1958 nobis

215 1979 357 2044 uidemur
386 1981 560 2070 intelligere
588 2026 597 2061 ,
628 1999 725 2070 atque
756 1980 864 2048 bllinei
894 1983 1050 2048 rectilinei

213 2067 390 2134 distinctam
405 2067 519 2135 habere
543 2069 730 2146 notionem,
755 2093 836 2156 quae
860 2089 964 2136 tamen
980 2071 1051 2135 ina-

214 2157 261 2220 nis
276 2175 349 2238 est,
372 2181 469 2246 quum
493 2176 673 2246 repugnet,
699 2161 835 2245 spatium
863 2157 987 2222 duabus
1005 2160 1052 2222 li-

213 2247 276 2312 neis
305 2249 396 2312 rectis
426 2247 663 2333 comprehendi.
685 2244 786 2334 Igitur
809 2267 923 2310 nornen
950 2269 1051 2314 cont-
1126 2245 1127 2276 ³

213 2334 342 2420 plexum
369 2335 460 2400 inane
485 2351 557 2412 est,
575 2337 715 2422 quamvis
736 2335 926 2421 simplicibus
943 2359 1049 2400 voca-

212 2421 293 2491 bulis
323 2445 379 2487 sua
402 2424 594 2510 respondeat
623 2426 768 2490 distincta
798 2427 898 2488 notio.
924 2423 1050 2489 Huius-

215 2511 300 2574 modi
326 2509 481 2576 vocabula
505 2513 603 2576 inanis
631 2515 759 2578 omnino
789 2513 926 2576 notionis
953 2517 1049 2577 etiam

213 2599 294 2664 inter
320 2599 460 2664 eruditos
480 2597 728 2689 frequentissima
752 2621 835 2666 sunt.
852 2601 882 2670 Si
902 2601 973 2686 quis
987 2600 1050 2681 reig

213 2709 307 2774 quarn
323 2687 471 2754 observat
489 2735 497 2766 ‚
526 2690 678 2756 rationem
696 2690 875 2754 redditurus
893 2733 903 2766 ,
920 2711 1048 2755 causam

212 2776 370 2840 vocabolo
390 2778 624 2866 indigitaverit,
653 2777 725 2842 huic
752 2797 855 2842 aurem
884 2777 1047 2842 vocabulo

214 2885 278 2927 non
313 2865 430 2947 aliam,
455 2889 550 2956 quarn
585 2868 627 2932 rei
665 2865 849 2934 observatae
879 2868 1044 2933 notionem
