2258 3428
271 147 355 196 ms
381 149 408 195 ι.
432 147 588 198 coutens.
612 148 688 198 nnn.
712 147 754 196 tt.
888 133 930 222 83

84 239 200 296 uoce,
235 215 406 297 honest,
441 219 613 285 secundum
640 221 723 298 idem
752 237 866 286 nomen
897 239 931 290 et

88 304 235 372 eamdem
264 308 399 372 nominis
422 307 692 396 significationem.
718 307 768 374 Sic
795 307 929 374 hominis

92 414 233 460 naturam
252 418 290 460 en
311 416 417 482 aequo
434 398 627 484 participant
652 400 795 463 Socrates
812 415 844 464 et
859 395 932 462 Pta-

93 502 134 547 to.
166 505 218 548 tv.
255 483 403 550 Tandem
428 507 493 548 vox
520 487 572 552 illa
598 483 731 559 divisim
759 507 813 552 seu
840 487 931 576 sigil-

89 573 174 638 iatim
197 571 384 636 definitioni
415 573 559 638 adiicitur
585 621 596 652 ‚
638 575 724 660 quod
756 593 871 666 natura⁸
896 574 929 644 iu

88 659 294 746 inferioribus
321 661 364 726 ita
389 662 428 726 sit
454 660 553 730 divisa
574 677 604 728 et
629 661 863 752 multiplicata,
893 679 931 730 ut

86 749 128 816 de
149 771 218 816 uno
234 749 265 812 in
281 744 453 839 singulari,
478 750 517 819 de
538 751 642 830 multis
667 753 698 816 in
723 751 835 840 plurali
865 773 931 834 nu,-

84 835 379 926 mero‘praedicati
406 838 519 924 possit.
548 835 691 904 Dicimus
718 841 799 904 enim
822 839 933 912 Plato·

82 951 162 992 nem
190 949 257 992 esse
278 927 463 1005 hominem,
492 927 653 994 Socratem
670 947 737 992 esse
756 925 931 1009 hominem,

78 1017 262 1081 Platonem
289 1033 321 1080 et
341 1017 509 1106 ¹Socratem
539 1038 606 1084 esse
638 1015 791 1082 homines.
820 1015 931 1094 Quare

74 1119 210 1170 'natura
239 1103 421 1170 universalis
445 1105 542 1192 simui¹
567 1127 630 1172 uua
665 1122 713 1190 est
748 1124 778 1171 et
814 1104 929 1184 divium

84 1214 159 1266 ,una
185 1211 340 1280 quatenus
372 1212 419 1258 est
440 1193 494 1271 id,
524 1192 556 1257 in
586 1190 778 1277 quo'muita
805 1215 933 1260 conue-

88 1281 186 1348 niunt
210 1303 265 1348 seu
286 1281 402 1346 similia
420 1298 494 1346 sunt
510 1277 525 1358 ς’
545 1281 646 1368 Δἀίνὶεα
671 1300 747 1361 est,
775 1301 931 1370 quatenus

88 1371 121 1435 in
137 1367 266 1459 singuiis
288 1369 459 1454 individuis
483 1370 689 1454 determinata
712 1387 759 1436 est
776 1389 819 1436 ,ει
846 1393 931 1434 con-

89 1478 195 1526 tracta
219 1481 274 1544 pet
298 1457 504 1526 differentiam
529 1461 728 1524 numericam.
756 1455 794 1520 In
821 1477 933 1540 natura

91 1548 205 1611 divina
223 1570 269 1612 res
286 1549 376 1612 aliter
394 1570 425 1612 se
450 1545 566 1626 habet,
593 1568 690 1630 quum
715 1567 750 1609 ea
767 1547 803 1608 sit
821 1547 850 1608 in
873 1547 934 1610 tti-

76 1633 160 1710 ,bus
190 1637 329 1716 personis
353 1636 496 1701 indivisa.
524 1637 628 1706 Vnde
643 1633 778 1698 dicimus
795 1632 934 1713 Patrem,

76 1717 133 1792 'fit
158 1719 296 1802 Filium,
326 1743 354 1790 et
376 1725 526 1814 Spiritum
553 1727 701 1788 Sanctum
725 1721 828 1786 Deum
853 1743 935 1801 esse,

103 1831 171 1874 non
189 1807 286 1875 Deos.
313 1811 367 1878 His
381 1815 441 1878 iam
458 1812 646 1899 explicatis,
676 1812 845 1878 solvendae
862 1809 937 1878 dunt

98 1901 299 1988 quaestiones
320 1902 403 1967 duae
424 1924 534 1988 magna
550 1903 727 1968 animorum
748 1900 934 1972 contentio-

93 2011 138 2058 ne
168 1989 200 2054 in
230 1989 345 2056 scholis
374 1990 518 2079 agitatae.

372 2163 611 2246 QVAESTIO
634 2161 664 2230 1.

94 2339 217 2410 Vtrum
245 2345 375 2409 existat
406 2341 546 2430 aliquod
568 2335 753 2410 universale
778 2340 813 2406 in
841 2341 939 2414 rebus

253 2435 336 2520 ipsis
352 2431 606 2521 independenter
622 2459 644 2498 a
668 2447 785 2496 mente.

101 2634 274 2764 Evidens
294 2713 371 2772 est,
400 2697 505 2764 Deum
523 2719 588 2762 esse
609 2695 814 2762 universalem
834 2715 939 2760 rerum

96 2791 240 2852 omnium
256 2807 397 2850 causam.
408 2785 616 2852 Manifestum
633 2806 762 2870 quoque
777 2804 846 2858 est,
865 2785 940 2868 plu·

95 2899 146 2949 res
163 2901 234 2948 esse
250 2873 402 2944 notiones
417 2899 453 2942 ac
477 2899 573 2944 voces
578 2871 795 3028 &niversaien
822 2872 864 2937 Et
879 2889 942 2962 ¹¹9·

621 2982 639 3026 2
894 2979 897 2986 ⁴
