2298 3418
231 134 296 198 24²
473 129 661 180 rusntrvr.
699 131 835 180 unitos.

296 203 327 270 Si
359 219 467 270 autem
503 202 619 290 aliquis
657 221 722 266 rem
752 204 930 291 antiquitus
957 221 1096 294 gestarat

230 295 423 372 narraverit,
451 292 638 378 nullumque
667 292 718 355 rel
744 291 910 358 oculatum
935 296 986 360 rel
1018 317 1097 360 au-

231 383 327 450 ritum
350 402 462 450 testem
490 375 655 466 proferat;
685 379 711 443 is
733 381 851 444 nullam
876 401 1018 448 meretur
1042 385 1097 448 fi-

231 474 326 552 dem,
360 469 547 558 praesertim
584 469 610 532 si
647 464 766 533 factum
802 465 896 535 fuerit
921 472 1097 558 gravioria

230 562 402 638 momenti,
429 559 519 645 quod
541 556 663 622 silentio
688 559 938 646 praetermissum
965 558 1098 642 luisse,

230 651 333 717 minus
355 646 522 736 probabile
546 667 606 712 est.
628 647 674 712 At
701 648 725 710 si
748 643 864 710 factum
887 645 1017 733 aliquod
1035 648 1097 716 ab

231 737 457 826 antiquissimis
488 737 593 804 etiarn·
607 734 803 820 temporibus
825 737 982 802 constanti
1004 755 1096 804 tra-

232 826 353 892 ditione
384 826 569 912 reliquerint
605 824 774 910 scriptores
812 825 958 914 plurimi,
989 828 1092 904 nulla

231 933 422 1004 potestesse
438 912 607 981 oblivionis
622 933 654 980 et
671 912 812 979 falsitatis
829 912 981 1000 suspicio.
1003 915 1092 984 Ne-

232 1026 297 1092 que
330 1007 401 1071 lacti
430 1002 656 1070 certitudinem
684 1025 835 1070 enervare
862 1019 966 1090 potest
991 1023 1089 1070 rem·-

232 1096 317 1181 poris
332 1093 505 1171 distantia,
532 1093 627 1156 immo
642 1091 807 1171 veritatem
823 1093 988 1156 contirmat
1010 1094 1087 1181 ipsa

232 1182 484 1250 testimoniorum
525 1177 709 1246 multitudo.
752 1181 839 1246 Hinc
876 1180 1085 1269 ineptissimis

232 1272 362 1334 calculis
386 1289 531 1337 veterum
557 1266 714 1334 factorum
737 1268 958 1338 certitudinem
980 1270 1023 1336 ad
1042 1295 1086 1338 e.
1142 1337 1143 1370 r

233 1381 348 1426 stamen
386 1377 513 1426 revocat
552 1358 698 1448 Craigius
732 1359 763 1424 in
796 1361 1085 1428 transactionibus

226 1446 474 1540 philosophicis.
504 1443 544 1514 In
569 1447 642 1534 ipso
664 1465 743 1514 teste
764 1449 895 1514 oculato
920 1467 1083 1516 summum

231 1539 430 1614 certitudinis
457 1536 591 1626 gradum
616 1539 659 1602 ita
682 1536 873 1615 constituit,
897 1552 941 1601 ut·
960 1532 1084 1610 deinde

232 1629 275 1696 ad
300 1647 397 1696 testes
424 1629 541 1692 auritos
563 1623 681 1690 factum
699 1625 833 1714 aliquod
849 1625 999 1690 transiens
1018 1629 1082 1692 ali-

231 1739 329 1806 quam
346 1717 468 1800 aprittat
494 1714 720 1800 probabilitatis
743 1733 886 1802 partem,
913 1735 996 1802 quae
1015 1736 1080 1802 pro

232 1807 369 1870 maxima
385 1803 534 1890 temporis
549 1802 700 1868 distantia
717 1805 818 1892 possit
841 1802 971 1870 taudem
998 1826 1079 1875 eva-

233 1913 385 1966 nescere,
409 1910 506 1975 atque
534 1893 709 1978 inpurum
737 1911 915 1980 potumque
941 1892 1079 1960 menda·

233 1981 316 2044 cium
353 1980 462 2059 abire,
497 1979 586 2064 quod
621 1981 748 2068 quidem
785 2002 879 2066 quam
906 1981 997 2047 inane
1025 1985 1077 2063 sit,

232 2090 273 2136 ox
299 2069 394 2136 dictis
422 2085 523 2154 patet.
548 2069 592 2134 Et
617 2071 703 2137 certe
732 2070 807 2134 olim
833 2069 972 2136 extitisse
994 2071 1078 2139 Cae-

234 2180 334 2224 sarem
357 2175 389 2226 et
411 2158 649 2236 Alexandrum,
689 2179 753 2224 non
775 2157 876 2230 minus
891 2177 1014 2224 certum
1031 2176 1077 2226 est

234 2249 351 2319 uostris
377 2247 463 2316 hisce
491 2247 709 2334 temporibus,
739 2269 835 2336 quam
863 2267 992 2324 certum⁵
1018 2247 1081 2316 fuit

234 2335 469 2426 quadringentis
501 2355 574 2404 ante
602 2339 708 2414 amris,
738 2359 838 2424 quum
869 2336 980 2402 eadem
1003 2358 1075 2428 sup·

233 2445 348 2514 petant
365 2431 578 2503 documenta,
599 2427 805 2514 ⁴eaedemque
823 2424 896 2490 facti
911 2423 1075 2509 probatio-

234 2537 304 2582 nes.
335 2516 425 2580 Cirta
447 2515 637 2582 dementiam
660 2535 732 2601 pust
757 2515 960 2580 remotissima
984 2517 1074 2585 etiam

236 2621 383 2689 tempora
422 2600 570 2668 afrrtmari
612 2626 680 2685 nnn,
715 2604 858 2686 poterit,
897 2603 1073 2687 Caesarem,

235 2691 477 2770 Alexandrum,
492 2691 703 2770 Ciceronem,
720 2692 893 2781 Virgilium
910 2691 984 2764 olim
1004 2697 1073 2759 nul·
1120 2714 1123 2722 ·

234 2780 284 2846 los
313 2776 429 2855 fuisse,
461 2801 518 2848 nec
550 2782 637 2846 atiud
666 2801 730 2850 esse
757 2798 884 2872 praeter
909 2779 1013 2856 inania
1044 2786 1073 2851 in

221 2869 318 2939 ,lictis
347 2863 463 2936 tabulis
490 2870 630 2938 numina.
668 2937 691 2948 ,,
