2298 3418
341 145 638 228 ransntts'rnt'nt.
657 141 803 228 entia.¹
925 169 928 176 ·
955 141 1002 230 ἢ

1 261 11 271 ν·
100 219 256 291 nondum
288 226 333 290 in‘
351 245 466 290 manus
491 243 626 293 nostrat
654 215 840 292 huirrttttddi
864 221 1004 293 litteras

1 380 8 388 Ν,
103 325 351 401 peremerunt.
369 313 500 381 Verum
517 315 549 378 in
565 313 846 404 iracqnaestione‚
865 335 949 400 quae
972 317 1006 380 S.

111 401 281 490 Augustini
295 401 500 492 temporibus
514 403 614 469 libere
625 417 827 493 propugnata
840 400 920 481 suit,
939 401 1001 469 hoc

113 487 211 556 hodie
225 490 265 555 de
280 490 344 556 fide
367 509 459 555 cerro
474 491 647 557 tenendum
664 509 734 558 est:
763 494 881 558 animas
898 511 963 554 non
983 511 1002 558 ι

109 575 300 666 parentibus
315 580 479 668 generari,
495 579 580 649 seda
597 580 668 646 Deo
684 581 868 648 immediate
884 581 1000 660 creari,

110 683 146 732 et
157 665 354 756 corporibus
372 711 381 745 ‚
396 667 515 755 quibus
529 671 769 760 coniunguntur
778 703 794 749 Δ,
815 665 955 732 infundi.
992 683 997 706 ⁶

180 753 267 822 Inst.
296 777 325 824 ι.
343 756 435 822 Mens
452 756 591 824 humana
615 757 735 846 pendet
746 781 768 822 -a
783 775 921 842 corpore
936 799 945 828 ‚
964 761 1001 822 ut

108 841 271 920 exsistant¹
283 863 359 932 ergo
383 846 467 932 perit
484 863 639 932 pereunte
656 855 806 930 corpore.
821 843 915 908 Prob.
934 859 1001 908 ant.

111 929 211 998 Mens
229 931 364 998 humana
379 953 444 998 non
460 937 669 1022 producitur,
684 933 744 998 nisi
756 933 1004 1018 dependentem

114 1039 273 1108 corporee
286 1041 360 1108 ergo
369 1023 489 1110 pendet
504 1043 521 1088 a
534 1043 684 1110 corpore,
698 1031 733 1085 rtt
745 1023 885 1091 exsistat.
898 1020 1003 1104 Resp'.

117 1101 169 1169 N.
185 1125 250 1172 ant.
271 1153 281 1186 ‚
296 1111 336 1174 ad
351 1112 437 1176 coins
447 1109 669 1197 probationem
681 1110 759 1175 diet'.
776 1117 863 1186 ',non
879 1107 1003 1194 produ·

116 1194 205 1260 citur
216 1241 225 1274 ,
238 1198 295 1264 nisi
307 1197 531 1286 dependenter
542 1221 559 1263 a
572 1219 709 1284 corpore
718 1210 879 1284 tamquam
891 1191 932 1258 ab
943 1213 1001 1259 oc-

113 1284 266 1366 casione,
283 1287 323 1352 C.
340 1306 406 1353 ant.
421 1333 431 1365 ,
448 1305 609 1376 tamqustn
624 1310 642 1352 a
655 1286 820 1362 subiecto,
836 1286 949 1370 in‘qno
965 1294 997 1348 et

114 1391 175 1460 per
192 1376 282 1462 quod
302 1379 444 1454 exsistat,
458 1375 504 1440 N.
518 1395 625 1443 annet
635 1373 767 1446 cons.·Si
781 1380 868 1440 mens
880 1371 1003 1457 prddu·

113 1479 243 1528 cererur
255 1465 503 1550 dependentera
520 1477 660 1552 corpore
673 1469 836 1549 tamqnam
851 1467 868 1524 a'
883 1459 1003 1524 subiec-

113 1563 166 1628 to,
181 1552 212 1615 irr
227 1566 293 1638 quo
307 1569 339 1619 et
353 1573 411 1640 per
429 1553 519 1640 quod
529 1553 708 1628 exsisteret,
721 1546 1004 1616 sicutrorunditas
1065 1597 1068 1604 .

116 1651 218 1706 cerae
232 1661 262 1703 v.
278 1663 312 1729 gr·
325 1641 516 1728 producitur
530 1639 749 1726 dependenter
762 1649 779 1703 a'
791 1655 879 1714 cera,
892 1635 1004 1718 in'q‘tr't

115 1728 282 1815 recipitur}
297 1729 450 1815 penderet
466 1729 596 1815 quidem
610 1751 627 1793 a
640 1745 798 1814 corpore,
815 1743 851 1791 ut
869 1723 1003 1804 exsiste·

118 1831 183 1893 ret,
197 1837 237 1881 ae
245 1833 401 1904 pereunte
413 1837 551 1902 corpore
564 1817 634 1905 ipsa
646 1817 800 1893 interiret,
813 1813 869 1878 sed
882 1814 1006 1898 prodtt'-

118 1903 206 1968 citur
220 1917 342 1971 tanturn
355 1906 577 1996 dependenter
604 1927 622 1970 a
635 1927 773 1992 corpore
786 1917 948 1986 tamquam
963 1897 1005 1963 ab

118 1993 304 2073 occasione,
314 2009 473 2080 quatenus
484 1994 605 2059 scilicet
616 1991 861 2060 conformatoer
877 1988 1005 2076 organis

116 2077 310 2152 sufficienter
325 2081 484 2148 instructo
499 2100 655 2167 corpore,
670 2103 742 2145 curn
760 2101 827 2168 qtro
841 2095 929 2144 rnens
942 2077 1006 2143 dc-

117 2169 235 2235 stitrata
250 2185 296 2237 est
308 2172 506 2238 constituere
520 2183 627 2234 totum
641 2169 815 2244 hominem,
830 2166 936 2230 statim
953 2163 1007 2230 de·

116 2258 305 2324 terminatur
317 2260 405 2328 Dens
417 2261 457 2335 ad
468 2259 638 2324 creandam
652 2253 874 2322 animarn‘huic
888 2269 1005 2337 corpo·

118 2345 146 2412 ti
160 2349 426 2438 coniungendam.
444 2345 557 2433 Itaque
570 2349 671 2411 anima
687 2363 751 2409 non
769 2341 873 2427 tnagis
888 2341 1007 2424 pendet
1043 2383 1045 2390 ·

121 2447 309 2524 acorpore,
324 2453 359 2500 ut
373 2435 522 2512 exsistat,
535 2457 631 2524 quarn
642 2434 741 2522 paries
754 2427 870 2517 aliquis
886 2428 1006 2514 pendet

122 2521 165 2589 ab
178 2525 240 2590 alio
254 2525 371 2612 pariete
383 2523 641 2614 praecisistenre‚
650 2522 690 2588 ad
704 2522 794 2586 cuins
803 2519 1006 2584 occasionem

123 2615 348 2696 construitur,
358 2631 394 2682 ut
410 2635 482 2680 corn
496 2614 552 2677 illo
566 2612 697 2678 domum
713 2607 845 2698 efficiat.
895 2613 899 2634 '

184 2701 305 2770 instit.
334 2721 364 2768 2.
376 2759 378 2762 .
391 2703 484 2769 Mens
496 2699 631 2766 humana
647 2700 767 2790 pendet
782 2717 960 2781 a'corpore,
971 2707 1011 2759 ut

122 2807 299 2875 opereturt
315 2809 392 2880 ergo
406 2792 511 2870 etiam,
526 2809 561 2854 ut
572 2793 711 2855 exsistat.
725 2789 832 2876 -Respr
846 2785 921 2849 dist.
940 2801 1008 2846 ant.

124 2881 244 2966 pendet
255 2902 273 2944 a
283 2899 421 2965 corpore
435 2922 445 2956 ,
459 2895 496 2942 ut
508 2897 661 2965 operetur
674 2885 838 2964 tamquam
854 2872 894 2936 ab
907 2889 1007 2932 occa-

127 2965 239 3046 sione,
254 2968 296 3034 C.
308 2983 389 3044 ant»,
401 2985 563 3054 tamquam
579 2987 597 3028 a
614 2966 769 3049 principio
784 2967 910 3025 suarum
927 2977 1007 3060 ope·

129 3054 290 3124 rationem
305 3097 316 3141 ,
340 3053 388 3123 N.
403 3070 470 3122 aot.
486 3069 520 3120 et
533 3071 625 3120 cons.
639 3053 769 3141 Corpus
784 3070 851 3115 non
875 3057 1012 3131 cogitat,
