<?xml version="1.0" encoding="UTF-8"?>
<!DOCTYPE html PUBLIC "-//W3C//DTD XHTML 1.0 Transitional//EN"
    "http://www.w3.org/TR/xhtml1/DTD/xhtml1-transitional.dtd">
<html xmlns="http://www.w3.org/1999/xhtml" xml:lang="en" lang="en">
 <head>
  <title>
</title>
<meta http-equiv="Content-Type" content="text/html;charset=utf-8" />
  <meta name='ocr-system' content='tesseract 3.04.00' />
  <meta name='ocr-capabilities' content='ocr_page ocr_carea ocr_par ocr_line ocrx_word'/>
</head>
<body>
  <div class='ocr_page' id='page_1' title='image "./institutionesph00jacqgoog_0204.png"; bbox 0 0 2298 3418; ppageno 0'>
   <div class='ocr_carea' id='block_1_1' title="bbox 47 205 971 2503">
    <p class='ocr_par' dir='ltr' id='par_1_1' title="bbox 47 205 971 2503">
     <span class='ocr_line' id='line_1_1' title="bbox 182 205 867 292; baseline 0.013 -32"><span class='ocrx_word' id='word_1_1' title='bbox 182 213 242 262; x_wconf 83' lang='lat' dir='ltr'><strong>trus</strong></span> <span class='ocrx_word' id='word_1_2' title='bbox 266 219 316 264; x_wconf 84' lang='lat' dir='ltr'><strong>rr.</strong></span> <span class='ocrx_word' id='word_1_3' title='bbox 342 217 521 266; x_wconf 79' lang='lat' dir='ltr'><strong>uootctr.</strong></span> <span class='ocrx_word' id='word_1_4' title='bbox 543 215 621 266; x_wconf 79' lang='lat' dir='ltr'><strong>car.</strong></span> <span class='ocrx_word' id='word_1_5' title='bbox 648 219 720 266; x_wconf 85' lang='lat' dir='ltr'><strong>utu.</strong></span> <span class='ocrx_word' id='word_1_6' title='bbox 805 205 867 292; x_wconf 77' lang='lat'><strong>183</strong></span> 
     </span>
     <span class='ocr_line' id='line_1_2' title="bbox 81 277 866 380; baseline 0.019 -37"><span class='ocrx_word' id='word_1_7' title='bbox 81 277 254 364; x_wconf 72' lang='lat' dir='ltr'>perducamur,</span> <span class='ocrx_word' id='word_1_8' title='bbox 286 308 320 354; x_wconf 88' lang='lat' dir='ltr'><strong>et</strong></span> <span class='ocrx_word' id='word_1_9' title='bbox 351 292 382 353; x_wconf 90' lang='lat' dir='ltr'><strong>in</strong></span> <span class='ocrx_word' id='word_1_10' title='bbox 419 289 561 378; x_wconf 87' lang='lat' dir='ltr'><strong>qualibet</strong></span> <span class='ocrx_word' id='word_1_11' title='bbox 597 290 723 356; x_wconf 86' lang='lat' dir='ltr'><strong>scientia</strong></span> <span class='ocrx_word' id='word_1_12' title='bbox 750 287 866 380; x_wconf 84' lang='lat' dir='ltr'><strong>diriga-</strong></span> 
     </span>
     <span class='ocr_line' id='line_1_3' title="bbox 83 371 789 466; baseline 0.013 -33"><span class='ocrx_word' id='word_1_13' title='bbox 83 371 266 440; x_wconf 71' lang='lat' dir='ltr'><strong>maturetur</strong></span> <span class='ocrx_word' id='word_1_14' title='bbox 291 377 410 465; x_wconf 81' lang='lat' dir='ltr'><strong>logices</strong></span> <span class='ocrx_word' id='word_1_15' title='bbox 436 396 527 462; x_wconf 89' lang='lat' dir='ltr'><strong>parte</strong></span> <span class='ocrx_word' id='word_1_16' title='bbox 553 379 789 466; x_wconf 78' lang='lat' dir='ltr'><strong>explicabimus.</strong></span> 
     </span>
     <span class='ocr_line' id='line_1_4' title="bbox 102 453 866 555; baseline 0.014 -32"><span class='ocrx_word' id='word_1_17' title='bbox 102 453 158 524; x_wconf 67' lang='lat' dir='ltr'><strong>lli.</strong></span> <span class='ocrx_word' id='word_1_18' title='bbox 190 463 347 531; x_wconf 85' lang='lat' dir='ltr'><strong>Cattesius</strong></span> <span class='ocrx_word' id='word_1_19' title='bbox 374 464 588 555; x_wconf 65' lang='lat' dir='ltr'><strong>philosophie-i</strong></span> <span class='ocrx_word' id='word_1_20' title='bbox 617 468 709 533; x_wconf 89' lang='lat' dir='ltr'><strong>studii</strong></span> <span class='ocrx_word' id='word_1_21' title='bbox 744 468 866 534; x_wconf 89' lang='lat' dir='ltr'><strong>initium</strong></span> 
     </span>
     <span class='ocr_line' id='line_1_5' title="bbox 86 550 869 624; baseline 0.027 -24"><span class='ocrx_word' id='word_1_22' title='bbox 86 550 212 615; x_wconf 79' lang='lat' dir='ltr'><strong>sumendum</strong></span> <span class='ocrx_word' id='word_1_23' title='bbox 236 575 305 620; x_wconf 87' lang='lat' dir='ltr'><strong>esse</strong></span> <span class='ocrx_word' id='word_1_24' title='bbox 333 556 442 619; x_wconf 83' lang='lat' dir='ltr'>statuit</span> <span class='ocrx_word' id='word_1_25' title='bbox 470 577 488 620; x_wconf 92' lang='lat' dir='ltr'><strong>a</strong></span> <span class='ocrx_word' id='word_1_26' title='bbox 511 555 707 623; x_wconf 88' lang='lat' dir='ltr'><strong>dubitatione</strong></span> <span class='ocrx_word' id='word_1_27' title='bbox 736 558 869 624; x_wconf 80' lang='lat' dir='ltr'><strong>univer-</strong></span> 
     </span>
     <span class='ocr_line' id='line_1_6' title="bbox 90 633 868 733; baseline 0.008 -28"><span class='ocrx_word' id='word_1_28' title='bbox 90 633 200 705; x_wconf 71' lang='lat' dir='ltr'><strong>simne</strong></span> <span class='ocrx_word' id='word_1_29' title='bbox 219 643 338 708; x_wconf 81' lang='lat' dir='ltr'><strong>scilicet</strong></span> <span class='ocrx_word' id='word_1_30' title='bbox 363 644 493 731; x_wconf 81' lang='lat' dir='ltr'>primam</span> <span class='ocrx_word' id='word_1_31' title='bbox 520 647 627 732; x_wconf 86' lang='lat' dir='ltr'><strong>posuit</strong></span> <span class='ocrx_word' id='word_1_32' title='bbox 646 645 868 733; x_wconf 86' lang='lat' dir='ltr'><strong>philosophan-</strong></span> 
     </span>
     <span class='ocr_line' id='line_1_7' title="bbox 85 717 867 812; baseline 0.029 -35"><span class='ocrx_word' id='word_1_33' title='bbox 85 717 245 812; x_wconf 74' lang='lat' dir='ltr'><strong>irregulare:</strong></span> <span class='ocrx_word' id='word_1_34' title='bbox 271 731 496 798; x_wconf 81' lang='lat' dir='ltr'><strong>dubitandum</strong></span> <span class='ocrx_word' id='word_1_35' title='bbox 529 756 598 798; x_wconf 82' lang='lat' dir='ltr'><strong>esre</strong></span> <span class='ocrx_word' id='word_1_36' title='bbox 631 737 672 800; x_wconf 82' lang='lat' dir='ltr'><strong>de</strong></span> <span class='ocrx_word' id='word_1_37' title='bbox 710 737 867 802; x_wconf 74' lang='lat' dir='ltr'><strong>omniumr</strong></span> 
     </span>
     <span class='ocr_line' id='line_1_8' title="bbox 78 809 869 906; baseline 0.033 -41"><span class='ocrx_word' id='word_1_38' title='bbox 78 809 155 876; x_wconf 84' lang='lat' dir='ltr'><strong>rrum</strong></span> <span class='ocrx_word' id='word_1_39' title='bbox 175 833 271 884; x_wconf 85' lang='lat' dir='ltr'><strong>tamen</strong></span> <span class='ocrx_word' id='word_1_40' title='bbox 299 823 332 884; x_wconf 92' lang='lat' dir='ltr'><strong>in</strong></span> <span class='ocrx_word' id='word_1_41' title='bbox 363 819 456 886; x_wconf 85' lang='lat' dir='ltr'><strong>rebus</strong></span> <span class='ocrx_word' id='word_1_42' title='bbox 476 819 569 898; x_wconf 85' lang='lat' dir='ltr'><strong>fidei,</strong></span> <span class='ocrx_word' id='word_1_43' title='bbox 592 842 672 906; x_wconf 87' lang='lat' dir='ltr'><strong>quae</strong></span> <span class='ocrx_word' id='word_1_44' title='bbox 695 821 799 888; x_wconf 83' lang='lat' dir='ltr'><strong>diuina</strong></span> <span class='ocrx_word' id='word_1_45' title='bbox 823 847 869 892; x_wconf 84' lang='lat' dir='ltr'><strong>re·</strong></span> 
     </span>
     <span class='ocr_line' id='line_1_9' title="bbox 76 899 935 998; baseline 0.022 -38"><span class='ocrx_word' id='word_1_46' title='bbox 76 899 186 968; x_wconf 77' lang='lat' dir='ltr'><strong>relatione</strong></span> <span class='ocrx_word' id='word_1_47' title='bbox 209 907 402 974; x_wconf 82' lang='lat' dir='ltr'><strong>certissimae</strong></span> <span class='ocrx_word' id='word_1_48' title='bbox 428 925 520 987; x_wconf 90' lang='lat' dir='ltr'><strong>sunt,</strong></span> <span class='ocrx_word' id='word_1_49' title='bbox 543 908 773 976; x_wconf 71' lang='lat' dir='ltr'><strong>dubitationem</strong></span> <span class='ocrx_word' id='word_1_50' title='bbox 797 933 869 998; x_wconf 83' lang='lat' dir='ltr'><strong>pet·</strong></span> <span class='ocrx_word' id='word_1_51' title='bbox 929 941 935 948; x_wconf 92' lang='lat'><em>·</em></span> 
     </span>
     <span class='ocr_line' id='line_1_10' title="bbox 49 984 868 1086; baseline 0.01 -30"><span class='ocrx_word' id='word_1_52' title='bbox 49 1016 51 1056; x_wconf 78' lang='lat' dir='ltr'><strong>t</strong></span> <span class='ocrx_word' id='word_1_53' title='bbox 71 984 170 1055; x_wconf 81' lang='lat' dir='ltr'><strong>nitreas.</strong></span> <span class='ocrx_word' id='word_1_54' title='bbox 184 991 266 1062; x_wconf 82' lang='lat' dir='ltr'><strong>illud</strong></span> <span class='ocrx_word' id='word_1_55' title='bbox 282 1017 389 1062; x_wconf 88' lang='lat' dir='ltr'><strong>antem</strong></span> <span class='ocrx_word' id='word_1_56' title='bbox 404 997 570 1064; x_wconf 86' lang='lat' dir='ltr'><strong>dubitandi</strong></span> <span class='ocrx_word' id='word_1_57' title='bbox 587 1017 792 1086; x_wconf 86' lang='lat' dir='ltr'><strong>praeceptum</strong></span> <span class='ocrx_word' id='word_1_58' title='bbox 811 1017 868 1064; x_wconf 85' lang='lat' dir='ltr'><strong>to.-</strong></span> 
     </span>
     <span class='ocr_line' id='line_1_11' title="bbox 74 1081 870 1172; baseline 0.006 -24"><span class='ocrx_word' id='word_1_59' title='bbox 74 1084 98 1130; x_wconf 76' lang='lat'><strong>¹⁰</strong></span> <span class='ocrx_word' id='word_1_60' title='bbox 118 1081 186 1148; x_wconf 74' lang='lat' dir='ltr'><strong>caelo</strong></span> <span class='ocrx_word' id='word_1_61' title='bbox 210 1085 315 1152; x_wconf 85' lang='lat' dir='ltr'><strong>differt</strong></span> <span class='ocrx_word' id='word_1_62' title='bbox 341 1085 382 1150; x_wconf 87' lang='lat' dir='ltr'><strong>ab</strong></span> <span class='ocrx_word' id='word_1_63' title='bbox 410 1087 478 1166; x_wconf 85' lang='lat' dir='ltr'><strong>illa,</strong></span> <span class='ocrx_word' id='word_1_64' title='bbox 503 1107 585 1171; x_wconf 87' lang='lat' dir='ltr'><strong>quae</strong></span> <span class='ocrx_word' id='word_1_65' title='bbox 605 1087 753 1172; x_wconf 85' lang='lat' dir='ltr'><strong>scepticis</strong></span> <span class='ocrx_word' id='word_1_66' title='bbox 776 1086 870 1153; x_wconf 92' lang='lat' dir='ltr'><strong>tribui</strong></span> 
     </span>
     <span class='ocr_line' id='line_1_12' title="bbox 73 1159 872 1262; baseline 0.033 -45"><span class='ocrx_word' id='word_1_67' title='bbox 73 1159 144 1244; x_wconf 83' lang='lat' dir='ltr'><strong>solet,</strong></span> <span class='ocrx_word' id='word_1_68' title='bbox 161 1171 365 1239; x_wconf 83' lang='lat' dir='ltr'><strong>dubitatione.</strong></span> <span class='ocrx_word' id='word_1_69' title='bbox 393 1174 434 1240; x_wconf 91' lang='lat' dir='ltr'><strong>Er</strong></span> <span class='ocrx_word' id='word_1_70' title='bbox 457 1175 586 1262; x_wconf 87' lang='lat' dir='ltr'><strong>quidem</strong></span> <span class='ocrx_word' id='word_1_71' title='bbox 608 1174 650 1242; x_wconf 90' lang='lat' dir='ltr'><strong>de</strong></span> <span class='ocrx_word' id='word_1_72' title='bbox 665 1175 811 1240; x_wconf 89' lang='lat' dir='ltr'><strong>omnibus</strong></span> <span class='ocrx_word' id='word_1_73' title='bbox 827 1199 872 1244; x_wconf 89' lang='lat' dir='ltr'><strong>re·</strong></span> 
     </span>
     <span class='ocr_line' id='line_1_13' title="bbox 72 1243 872 1350; baseline 0.013 -31"><span class='ocrx_word' id='word_1_74' title='bbox 72 1243 160 1320; x_wconf 73' lang='lat' dir='ltr'><strong>busita</strong></span> <span class='ocrx_word' id='word_1_75' title='bbox 178 1261 343 1328; x_wconf 78' lang='lat' dir='ltr'><strong>dubitasse</strong></span> <span class='ocrx_word' id='word_1_76' title='bbox 364 1257 508 1330; x_wconf 83' lang='lat' dir='ltr'><strong>feruntur</strong></span> <span class='ocrx_word' id='word_1_77' title='bbox 532 1265 680 1350; x_wconf 85' lang='lat' dir='ltr'><strong>sceptici,</strong></span> <span class='ocrx_word' id='word_1_78' title='bbox 703 1283 738 1330; x_wconf 91' lang='lat' dir='ltr'><strong>ut</strong></span> <span class='ocrx_word' id='word_1_79' title='bbox 760 1266 800 1330; x_wconf 91' lang='lat' dir='ltr'><strong>de</strong></span> <span class='ocrx_word' id='word_1_80' title='bbox 821 1265 872 1329; x_wconf 93' lang='lat' dir='ltr'><strong>ul·</strong></span> 
     </span>
     <span class='ocr_line' id='line_1_14' title="bbox 74 1332 871 1440; baseline 0.014 -33"><span class='ocrx_word' id='word_1_81' title='bbox 74 1332 91 1397; x_wconf 68' lang='lat'><strong>¹2</strong></span> <span class='ocrx_word' id='word_1_82' title='bbox 110 1345 395 1440; x_wconf 74' lang='lat' dir='ltr'><strong>rerirneumquam</strong></span> <span class='ocrx_word' id='word_1_83' title='bbox 422 1353 619 1440; x_wconf 84' lang='lat' dir='ltr'><strong>assequenda</strong></span> <span class='ocrx_word' id='word_1_84' title='bbox 642 1353 771 1418; x_wconf 92' lang='lat' dir='ltr'><strong>omnino</strong></span> <span class='ocrx_word' id='word_1_85' title='bbox 794 1350 871 1420; x_wconf 89' lang='lat' dir='ltr'><strong>des-</strong></span> 
     </span>
     <span class='ocr_line' id='line_1_15' title="bbox 73 1439 871 1507; baseline 0.024 -20"><span class='ocrx_word' id='word_1_86' title='bbox 73 1439 217 1506; x_wconf 80' lang='lat' dir='ltr'><strong>peraverint.</strong></span> <span class='ocrx_word' id='word_1_87' title='bbox 243 1442 369 1506; x_wconf 84' lang='lat' dir='ltr'><strong>Contra</strong></span> <span class='ocrx_word' id='word_1_88' title='bbox 395 1461 500 1506; x_wconf 88' lang='lat' dir='ltr'><strong>aurem</strong></span> <span class='ocrx_word' id='word_1_89' title='bbox 527 1442 688 1506; x_wconf 83' lang='lat' dir='ltr'><strong>Cartesius</strong></span> <span class='ocrx_word' id='word_1_90' title='bbox 715 1442 756 1507; x_wconf 94' lang='lat' dir='ltr'><strong>de</strong></span> <span class='ocrx_word' id='word_1_91' title='bbox 782 1443 871 1506; x_wconf 89' lang='lat' dir='ltr'><strong>omni</strong></span> 
     </span>
     <span class='ocr_line' id='line_1_16' title="bbox 75 1526 872 1606; baseline 0.004 -14"><span class='ocrx_word' id='word_1_92' title='bbox 75 1530 110 1592; x_wconf 66' lang='lat' dir='ltr'><strong>&#39;ir</strong></span> <span class='ocrx_word' id='word_1_93' title='bbox 141 1526 221 1591; x_wconf 89' lang='lat' dir='ltr'><strong>etiam</strong></span> <span class='ocrx_word' id='word_1_94' title='bbox 259 1529 508 1606; x_wconf 82' lang='lat' dir='ltr'><strong>evidentissima,</strong></span> <span class='ocrx_word' id='word_1_95' title='bbox 551 1527 759 1595; x_wconf 89' lang='lat' dir='ltr'><strong>dubitandum</strong></span> <span class='ocrx_word' id='word_1_96' title='bbox 803 1551 872 1596; x_wconf 89' lang='lat' dir='ltr'><strong>esse</strong></span> 
     </span>
     <span class='ocr_line' id='line_1_17' title="bbox 74 1612 874 1698; baseline 0.015 -29"><span class='ocrx_word' id='word_1_97' title='bbox 74 1612 250 1698; x_wconf 78' lang='lat' dir='ltr'><strong>praescripsit,</strong></span> <span class='ocrx_word' id='word_1_98' title='bbox 279 1636 318 1680; x_wconf 90' lang='lat' dir='ltr'><strong>ut</strong></span> <span class='ocrx_word' id='word_1_99' title='bbox 343 1617 458 1682; x_wconf 87' lang='lat' dir='ltr'><strong>veritas</strong></span> <span class='ocrx_word' id='word_1_100' title='bbox 483 1617 524 1682; x_wconf 89' lang='lat' dir='ltr'><strong>ad</strong></span> <span class='ocrx_word' id='word_1_101' title='bbox 549 1617 699 1681; x_wconf 88' lang='lat' dir='ltr'><strong>trutinam</strong></span> <span class='ocrx_word' id='word_1_102' title='bbox 725 1635 874 1681; x_wconf 85' lang='lat' dir='ltr'><strong>reuocata</strong></span> 
     </span>
     <span class='ocr_line' id='line_1_18' title="bbox 76 1704 876 1772; baseline 0.009 -11"><span class='ocrx_word' id='word_1_103' title='bbox 76 1707 134 1756; x_wconf 79' lang='lat' dir='ltr'><strong>terro</strong></span> <span class='ocrx_word' id='word_1_104' title='bbox 154 1723 321 1771; x_wconf 83' lang='lat' dir='ltr'><strong>constaret.</strong></span> <span class='ocrx_word' id='word_1_105' title='bbox 348 1705 436 1772; x_wconf 81' lang='lat' dir='ltr'><strong>Haec</strong></span> <span class='ocrx_word' id='word_1_106' title='bbox 463 1724 564 1772; x_wconf 84' lang='lat' dir='ltr'><strong>tamen</strong></span> <span class='ocrx_word' id='word_1_107' title='bbox 585 1705 757 1770; x_wconf 79' lang='lat' dir='ltr'><strong>cortesiana</strong></span> <span class='ocrx_word' id='word_1_108' title='bbox 780 1704 876 1770; x_wconf 86' lang='lat' dir='ltr'><strong>dubi·</strong></span> 
     </span>
     <span class='ocr_line' id='line_1_19' title="bbox 76 1783 873 1875; baseline 0.021 -33"><span class='ocrx_word' id='word_1_109' title='bbox 76 1783 131 1875; x_wconf 66' lang='lat' dir='ltr'><strong>ftudi</strong></span> <span class='ocrx_word' id='word_1_110' title='bbox 152 1795 315 1860; x_wconf 72' lang='lat' dir='ltr'><strong>marbodus</strong></span> <span class='ocrx_word' id='word_1_111' title='bbox 336 1795 452 1859; x_wconf 83' lang='lat' dir='ltr'><strong>inutilis</strong></span> <span class='ocrx_word' id='word_1_112' title='bbox 475 1797 604 1858; x_wconf 89' lang='lat' dir='ltr'><strong>omnino</strong></span> <span class='ocrx_word' id='word_1_113' title='bbox 627 1813 695 1871; x_wconf 89' lang='lat' dir='ltr'><strong>est,</strong></span> <span class='ocrx_word' id='word_1_114' title='bbox 720 1793 816 1858; x_wconf 91' lang='lat' dir='ltr'><strong>immo</strong></span> <span class='ocrx_word' id='word_1_115' title='bbox 839 1807 873 1862; x_wconf 82' lang='lat' dir='ltr'><strong>et</strong></span> 
     </span>
     <span class='ocr_line' id='line_1_20' title="bbox 77 1879 874 1971; baseline 0.011 -32"><span class='ocrx_word' id='word_1_116' title='bbox 77 1879 246 1966; x_wconf 64' lang='lat' dir='ltr'><strong>operaturus.</strong></span> <span class='ocrx_word' id='word_1_117' title='bbox 272 1883 397 1947; x_wconf 84' lang='lat' dir='ltr'><strong>Etenim</strong></span> <span class='ocrx_word' id='word_1_118' title='bbox 420 1885 551 1971; x_wconf 82' lang='lat' dir='ltr'><strong>ipsamet</strong></span> <span class='ocrx_word' id='word_1_119' title='bbox 564 1883 720 1947; x_wconf 83' lang='lat' dir='ltr'><strong>axiomata</strong></span> <span class='ocrx_word' id='word_1_120' title='bbox 733 1905 874 1967; x_wconf 87' lang='lat' dir='ltr'><strong>perpen-</strong></span> 
     </span>
     <span class='ocr_line' id='line_1_21' title="bbox 47 1953 874 2058; baseline 0.007 -26"><span class='ocrx_word' id='word_1_121' title='bbox 47 2021 49 2050; x_wconf 62' lang='lat' dir='ltr'><strong>a</strong></span> <span class='ocrx_word' id='word_1_122' title='bbox 77 1953 109 2032; x_wconf 69' lang='lat' dir='ltr'><strong>ib</strong></span> <span class='ocrx_word' id='word_1_123' title='bbox 121 1962 296 2058; x_wconf 80' lang='lat' dir='ltr'><strong>illorumque</strong></span> <span class='ocrx_word' id='word_1_124' title='bbox 309 1973 472 2036; x_wconf 83' lang='lat' dir='ltr'><strong>veritatem</strong></span> <span class='ocrx_word' id='word_1_125' title='bbox 485 1972 671 2058; x_wconf 90' lang='lat' dir='ltr'><strong>ponderari,</strong></span> <span class='ocrx_word' id='word_1_126' title='bbox 688 1971 776 2036; x_wconf 86' lang='lat' dir='ltr'><strong>iubet</strong></span> <span class='ocrx_word' id='word_1_127' title='bbox 791 1973 874 2038; x_wconf 87' lang='lat' dir='ltr'><strong>Car·</strong></span> 
     </span>
     <span class='ocr_line' id='line_1_22' title="bbox 48 2047 877 2147; baseline 0.028 -45"><span class='ocrx_word' id='word_1_128' title='bbox 48 2063 49 2071; x_wconf 54' lang='lat'>¹</span> <span class='ocrx_word' id='word_1_129' title='bbox 76 2047 153 2116; x_wconf 77' lang='lat' dir='ltr'><strong>trtius.</strong></span> <span class='ocrx_word' id='word_1_130' title='bbox 178 2057 264 2125; x_wconf 82' lang='lat' dir='ltr'><strong>llaec</strong></span> <span class='ocrx_word' id='word_1_131' title='bbox 280 2076 385 2125; x_wconf 81' lang='lat' dir='ltr'><strong>autern</strong></span> <span class='ocrx_word' id='word_1_132' title='bbox 399 2108 410 2138; x_wconf 92' lang='lat'>‚</span> <span class='ocrx_word' id='word_1_133' title='bbox 424 2079 537 2147; x_wconf 88' lang='lat' dir='ltr'><strong>utpote</strong></span> <span class='ocrx_word' id='word_1_134' title='bbox 561 2062 809 2140; x_wconf 83' lang='lat' dir='ltr'><strong>evidentissima,</strong></span> <span class='ocrx_word' id='word_1_135' title='bbox 825 2062 877 2125; x_wconf 89' lang='lat' dir='ltr'><strong>al-</strong></span> 
     </span>
     <span class='ocr_line' id='line_1_23' title="bbox 48 2136 874 2236; baseline 0.028 -47"><span class='ocrx_word' id='word_1_136' title='bbox 48 2151 49 2160; x_wconf 51' lang='lat'><em>*</em></span> <span class='ocrx_word' id='word_1_137' title='bbox 77 2136 115 2196; x_wconf 86' lang='lat' dir='ltr'><strong>reri</strong></span> <span class='ocrx_word' id='word_1_138' title='bbox 132 2147 256 2214; x_wconf 83' lang='lat' dir='ltr'><strong>veritaris</strong></span> <span class='ocrx_word' id='word_1_139' title='bbox 280 2149 405 2214; x_wconf 79' lang='lat' dir='ltr'><strong>criterio</strong></span> <span class='ocrx_word' id='word_1_140' title='bbox 425 2143 568 2227; x_wconf 84' lang='lat' dir='ltr'><strong>subiici,</strong></span> <span class='ocrx_word' id='word_1_141' title='bbox 594 2149 788 2236; x_wconf 85' lang='lat' dir='ltr'><strong>superfluum</strong></span> <span class='ocrx_word' id='word_1_142' title='bbox 814 2167 874 2214; x_wconf 87' lang='lat' dir='ltr'><strong>est.</strong></span> 
     </span>
     <span class='ocr_line' id='line_1_24' title="bbox 47 2165 878 2317; baseline 0.006 -18"><span class='ocrx_word' id='word_1_143' title='bbox 47 2165 51 2293; x_wconf 81' lang='lat' dir='ltr'><strong>i</strong></span> <span class='ocrx_word' id='word_1_144' title='bbox 76 2216 145 2317; x_wconf 70' lang='lat' dir='ltr'><strong>QOd</strong></span> <span class='ocrx_word' id='word_1_145' title='bbox 165 2240 242 2302; x_wconf 88' lang='lat' dir='ltr'><strong>enim</strong></span> <span class='ocrx_word' id='word_1_146' title='bbox 270 2238 446 2304; x_wconf 87' lang='lat' dir='ltr'><strong>immediate</strong></span> <span class='ocrx_word' id='word_1_147' title='bbox 467 2239 595 2306; x_wconf 87' lang='lat' dir='ltr'><strong>evidens</strong></span> <span class='ocrx_word' id='word_1_148' title='bbox 617 2255 683 2313; x_wconf 90' lang='lat' dir='ltr'><strong>est,</strong></span> <span class='ocrx_word' id='word_1_149' title='bbox 703 2235 788 2300; x_wconf 89' lang='lat' dir='ltr'><strong>nulla</strong></span> <span class='ocrx_word' id='word_1_150' title='bbox 817 2239 878 2304; x_wconf 85' lang='lat' dir='ltr'><strong>alia</strong></span> 
     </span>
     <span class='ocr_line' id='line_1_25' title="bbox 47 2306 971 2416; baseline 0.011 -36"><span class='ocrx_word' id='word_1_151' title='bbox 47 2306 51 2412; x_wconf 44' lang='grc' dir='ltr'><strong>μ’</strong></span> <span class='ocrx_word' id='word_1_152' title='bbox 77 2318 240 2399; x_wconf 77' lang='lat' dir='ltr'><strong>upuisuione</strong></span> <span class='ocrx_word' id='word_1_153' title='bbox 265 2327 383 2416; x_wconf 86' lang='lat' dir='ltr'><strong>indiget</strong></span> <span class='ocrx_word' id='word_1_154' title='bbox 391 2347 407 2405; x_wconf 78' lang='lat'><strong>,¹</strong></span> <span class='ocrx_word' id='word_1_155' title='bbox 430 2328 568 2414; x_wconf 88' lang='lat' dir='ltr'><strong>alioquin</strong></span> <span class='ocrx_word' id='word_1_156' title='bbox 586 2325 715 2392; x_wconf 84' lang='lat' dir='ltr'><strong>daretur</strong></span> <span class='ocrx_word' id='word_1_157' title='bbox 732 2347 878 2412; x_wconf 83' lang='lat' dir='ltr'><strong>progres-</strong></span> <span class='ocrx_word' id='word_1_158' title='bbox 969 2349 971 2353; x_wconf 89' lang='lat'>·</span> 
     </span>
     <span class='ocr_line' id='line_1_26' title="bbox 47 2407 879 2503; baseline 0.012 -34"><span class='ocrx_word' id='word_1_159' title='bbox 47 2423 49 2469; x_wconf 84' lang='lat' dir='ltr'><strong>l</strong></span> <span class='ocrx_word' id='word_1_160' title='bbox 77 2413 110 2461; x_wconf 83' lang='lat' dir='ltr'><strong>sus</strong></span> <span class='ocrx_word' id='word_1_161' title='bbox 130 2407 154 2472; x_wconf 91' lang='lat' dir='ltr'><strong>in</strong></span> <span class='ocrx_word' id='word_1_162' title='bbox 177 2415 358 2494; x_wconf 85' lang='lat' dir='ltr'><strong>inlinitum,</strong></span> <span class='ocrx_word' id='word_1_163' title='bbox 389 2434 421 2480; x_wconf 89' lang='lat' dir='ltr'><strong>et</strong></span> <span class='ocrx_word' id='word_1_164' title='bbox 447 2417 478 2481; x_wconf 91' lang='lat' dir='ltr'><strong>in</strong></span> <span class='ocrx_word' id='word_1_165' title='bbox 508 2418 609 2503; x_wconf 88' lang='lat' dir='ltr'><strong>ipsam</strong></span> <span class='ocrx_word' id='word_1_166' title='bbox 634 2413 761 2482; x_wconf 85' lang='lat' dir='ltr'><strong>tandem</strong></span> <span class='ocrx_word' id='word_1_167' title='bbox 791 2437 879 2502; x_wconf 89' lang='lat' dir='ltr'><strong>scep-</strong></span> 
     </span>
    </p>
   </div>
   <div class='ocr_carea' id='block_1_2' title="bbox 47 2484 903 3034">
    <p class='ocr_par' dir='ltr' id='par_1_2' title="bbox 47 2484 903 3034">
     <span class='ocr_line' id='line_1_27' title="bbox 80 2484 879 2570; baseline 0.034 -29"><span class='ocrx_word' id='word_1_168' title='bbox 80 2484 177 2562; x_wconf 89' lang='lat' dir='ltr'><strong>ticorum</strong></span> <span class='ocrx_word' id='word_1_169' title='bbox 205 2504 435 2570; x_wconf 84' lang='lat' dir='ltr'><strong>dubitationem</strong></span> <span class='ocrx_word' id='word_1_170' title='bbox 465 2504 685 2569; x_wconf 89' lang='lat' dir='ltr'><strong>relaberemur.</strong></span> <span class='ocrx_word' id='word_1_171' title='bbox 714 2501 879 2568; x_wconf 84' lang='lat' dir='ltr'><strong>Praeterea</strong></span> 
     </span>
     <span class='ocr_line' id='line_1_28' title="bbox 47 2589 881 2684; baseline 0.029 -52"><span class='ocrx_word' id='word_1_172' title='bbox 47 2625 49 2661; x_wconf 31' lang='lat' dir='ltr'><strong>p</strong></span> <span class='ocrx_word' id='word_1_173' title='bbox 78 2589 211 2656; x_wconf 86' lang='lat' dir='ltr'><strong>cartesiarra</strong></span> <span class='ocrx_word' id='word_1_174' title='bbox 234 2591 393 2658; x_wconf 89' lang='lat' dir='ltr'><strong>dubitatio</strong></span> <span class='ocrx_word' id='word_1_175' title='bbox 415 2608 463 2656; x_wconf 89' lang='lat' dir='ltr'><strong>est</strong></span> <span class='ocrx_word' id='word_1_176' title='bbox 478 2591 691 2684; x_wconf 84' lang='lat' dir='ltr'><strong>impossrbilis.</strong></span> <span class='ocrx_word' id='word_1_177' title='bbox 714 2590 881 2660; x_wconf 86' lang='lat' dir='ltr'><strong>Veritatee</strong></span> 
     </span>
     <span class='ocr_line' id='line_1_29' title="bbox 83 2668 882 2766; baseline 0.03 -45"><span class='ocrx_word' id='word_1_178' title='bbox 83 2668 135 2732; x_wconf 88' lang='lat' dir='ltr'><strong>min</strong></span> <span class='ocrx_word' id='word_1_179' title='bbox 157 2699 207 2763; x_wconf 87' lang='lat' dir='ltr'><strong>per</strong></span> <span class='ocrx_word' id='word_1_180' title='bbox 235 2703 266 2746; x_wconf 86' lang='lat' dir='ltr'><strong>se</strong></span> <span class='ocrx_word' id='word_1_181' title='bbox 300 2682 460 2746; x_wconf 80' lang='lat' dir='ltr'><strong>eradentes</strong></span> <span class='ocrx_word' id='word_1_182' title='bbox 493 2681 536 2744; x_wconf 87' lang='lat' dir='ltr'><strong>ita</strong></span> <span class='ocrx_word' id='word_1_183' title='bbox 568 2701 729 2746; x_wconf 85' lang='lat' dir='ltr'><strong>assensum</strong></span> <span class='ocrx_word' id='word_1_184' title='bbox 760 2701 882 2766; x_wconf 15' lang='lat' dir='ltr'><strong>‘extor-</strong></span> 
     </span>
     <span class='ocr_line' id='line_1_30' title="bbox 81 2765 881 2847; baseline -0.008 -11"><span class='ocrx_word' id='word_1_185' title='bbox 81 2769 167 2841; x_wconf 81' lang='lat' dir='ltr'><strong>luent,</strong></span> <span class='ocrx_word' id='word_1_186' title='bbox 195 2786 228 2832; x_wconf 90' lang='lat' dir='ltr'><strong>ut</strong></span> <span class='ocrx_word' id='word_1_187' title='bbox 259 2767 380 2832; x_wconf 87' lang='lat' dir='ltr'><strong>nullum</strong></span> <span class='ocrx_word' id='word_1_188' title='bbox 402 2765 597 2847; x_wconf 76' lang='lat' dir='ltr'><strong>dubitationi</strong></span> <span class='ocrx_word' id='word_1_189' title='bbox 636 2767 758 2830; x_wconf 76' lang='lat' dir='ltr'><strong>locum&#39;</strong></span> <span class='ocrx_word' id='word_1_190' title='bbox 781 2770 881 2835; x_wconf 87' lang='lat' dir='ltr'><strong>relin-</strong></span> 
     </span>
     <span class='ocr_line' id='line_1_31' title="bbox 83 2853 903 2942; baseline 0.016 -37"><span class='ocrx_word' id='word_1_191' title='bbox 83 2857 167 2928; x_wconf 66' lang='lat' dir='ltr'><strong>quant,</strong></span> <span class='ocrx_word' id='word_1_192' title='bbox 188 2857 368 2940; x_wconf 87' lang='lat' dir='ltr'><strong>nullamque</strong></span> <span class='ocrx_word' id='word_1_193' title='bbox 396 2857 575 2922; x_wconf 84' lang='lat' dir='ltr'><strong>ulteriorem</strong></span> <span class='ocrx_word' id='word_1_194' title='bbox 589 2853 881 2942; x_wconf 74' lang='lat' dir='ltr'><strong>investigationem</strong></span> <span class='ocrx_word' id='word_1_195' title='bbox 898 2854 903 2866; x_wconf 82' lang='lat'>&#39;</span> 
     </span>
     <span class='ocr_line' id='line_1_32' title="bbox 84 2933 884 3034; baseline 0.015 -41"><span class='ocrx_word' id='word_1_196' title='bbox 84 2933 206 3010; x_wconf 85' lang='lat' dir='ltr'><strong>patiantur</strong></span> <span class='ocrx_word' id='word_1_197' title='bbox 216 2994 228 3026; x_wconf 88' lang='lat'>‚</span> <span class='ocrx_word' id='word_1_198' title='bbox 252 2943 342 3034; x_wconf 89' lang='lat' dir='ltr'><strong>quod</strong></span> <span class='ocrx_word' id='word_1_199' title='bbox 362 2945 489 3032; x_wconf 86' lang='lat' dir='ltr'><strong>quidem</strong></span> <span class='ocrx_word' id='word_1_200' title='bbox 503 2943 731 3032; x_wconf 85' lang='lat' dir='ltr'><strong>uniusquisque</strong></span> <span class='ocrx_word' id='word_1_201' title='bbox 752 2943 884 3030; x_wconf 80' lang='lat' dir='ltr'><strong>proprio</strong></span> 
     </span>
    </p>
   </div>
   <div class='ocr_carea' id='block_1_3' title="bbox 47 3119 53 3288">
    <p class='ocr_par' dir='ltr' id='par_1_3' title="bbox 47 3119 53 3288">
     <span class='ocr_line' id='line_1_33' title="bbox 49 3119 53 3191; baseline 0 0"><span class='ocrx_word' id='word_1_202' title='bbox 49 3119 53 3191; x_wconf 85' lang='lat' dir='ltr'><strong>l</strong></span> 
     </span>
     <span class='ocr_line' id='line_1_34' title="bbox 47 3210 50 3288; baseline 0 0"><span class='ocrx_word' id='word_1_203' title='bbox 47 3210 50 3288; x_wconf 82' lang='lat' dir='ltr'><strong>l</strong></span> 
     </span>
    </p>
   </div>
   <div class='ocr_carea' id='block_1_4' title="bbox 0 0 1172 3418">
    <p class='ocr_par' dir='ltr' id='par_1_4' title="bbox 0 0 1172 3418">
     <span class='ocr_line' id='line_1_35' title="bbox 0 0 1172 3418; baseline 0 0"><span class='ocrx_word' id='word_1_204' title='bbox 0 0 1172 3418; x_wconf 95' lang='lat' dir='ltr'><strong> </strong></span> 
     </span>
    </p>
   </div>
  </div>
 </body>
</html>
