<?xml version="1.0" encoding="UTF-8"?>
<!DOCTYPE html PUBLIC "-//W3C//DTD XHTML 1.0 Transitional//EN"
    "http://www.w3.org/TR/xhtml1/DTD/xhtml1-transitional.dtd">
<html xmlns="http://www.w3.org/1999/xhtml" xml:lang="en" lang="en">
 <head>
  <title>
</title>
<meta http-equiv="Content-Type" content="text/html;charset=utf-8" />
  <meta name='ocr-system' content='tesseract 3.04.00' />
  <meta name='ocr-capabilities' content='ocr_page ocr_carea ocr_par ocr_line ocrx_word'/>
</head>
<body>
  <div class='ocr_page' id='page_1' title='image "./institutionesph00jacqgoog_0059.png"; bbox 0 0 2300 3506; ppageno 0'>
   <div class='ocr_carea' id='block_1_1' title="bbox 123 180 1145 2902">
    <p class='ocr_par' dir='ltr' id='par_1_1' title="bbox 123 180 1145 2902">
     <span class='ocr_line' id='line_1_1' title="bbox 206 180 849 270; baseline -0.008 -24"><span class='ocrx_word' id='word_1_1' title='bbox 206 180 250 270; x_wconf 73' lang='lat'>3⁶</span> <span class='ocrx_word' id='word_1_2' title='bbox 405 194 804 245; x_wconf 70' lang='lat' dir='ltr'>,.1tstttuvu.nnttos.</span> <span class='ocrx_word' id='word_1_3' title='bbox 844 200 849 204; x_wconf 95' lang='lat'>·</span> 
     </span>
     <span class='ocr_line' id='line_1_2' title="bbox 250 263 1041 352; baseline 0 -20"><span class='ocrx_word' id='word_1_4' title='bbox 250 263 320 333; x_wconf 87' lang='lat' dir='ltr'>IV.</span> <span class='ocrx_word' id='word_1_5' title='bbox 367 268 481 332; x_wconf 89' lang='lat' dir='ltr'>Anima</span> <span class='ocrx_word' id='word_1_6' title='bbox 509 266 705 332; x_wconf 87' lang='lat' dir='ltr'>obiectorum</span> <span class='ocrx_word' id='word_1_7' title='bbox 730 263 927 342; x_wconf 84' lang='lat' dir='ltr'>absentium,</span> <span class='ocrx_word' id='word_1_8' title='bbox 954 283 1041 352; x_wconf 76' lang='lat' dir='ltr'>quae</span> 
     </span>
     <span class='ocr_line' id='line_1_3' title="bbox 136 353 1041 444; baseline -0.007 -20"><span class='ocrx_word' id='word_1_9' title='bbox 136 384 142 400; x_wconf 74' lang='lat'><em>¹</em></span> <span class='ocrx_word' id='word_1_10' title='bbox 205 359 305 424; x_wconf 78' lang='lat' dir='ltr'>semel</span> <span class='ocrx_word' id='word_1_11' title='bbox 332 357 508 444; x_wconf 81' lang='lat' dir='ltr'>percepit,</span> <span class='ocrx_word' id='word_1_12' title='bbox 540 356 686 420; x_wconf 82' lang='lat' dir='ltr'>notiones</span> <span class='ocrx_word' id='word_1_13' title='bbox 708 357 844 419; x_wconf 79' lang='lat' dir='ltr'>excitate</span> <span class='ocrx_word' id='word_1_14' title='bbox 868 373 898 420; x_wconf 85' lang='lat' dir='ltr'>et</span> <span class='ocrx_word' id='word_1_15' title='bbox 924 353 1041 418; x_wconf 79' lang='lat' dir='ltr'>iterum</span> 
     </span>
     <span class='ocr_line' id='line_1_4' title="bbox 206 441 1040 534; baseline -0.002 -26"><span class='ocrx_word' id='word_1_16' title='bbox 206 444 388 534; x_wconf 83' lang='lat' dir='ltr'>producere</span> <span class='ocrx_word' id='word_1_17' title='bbox 412 461 530 532; x_wconf 74' lang='lat' dir='ltr'>potest.</span> <span class='ocrx_word' id='word_1_18' title='bbox 548 441 597 508; x_wconf 83' lang='lat' dir='ltr'>lta</span> <span class='ocrx_word' id='word_1_19' title='bbox 617 444 692 508; x_wconf 88' lang='lat' dir='ltr'>dum</span> <span class='ocrx_word' id='word_1_20' title='bbox 708 443 802 506; x_wconf 84' lang='lat' dir='ltr'>clusis</span> <span class='ocrx_word' id='word_1_21' title='bbox 825 442 923 506; x_wconf 86' lang='lat' dir='ltr'>oculis</span> <span class='ocrx_word' id='word_1_22' title='bbox 937 441 1040 506; x_wconf 83' lang='lat' dir='ltr'>solem</span> 
     </span>
     <span class='ocr_line' id='line_1_5' title="bbox 205 528 1039 618; baseline -0.005 -20"><span class='ocrx_word' id='word_1_23' title='bbox 205 531 300 598; x_wconf 90' lang='lat' dir='ltr'>nobis</span> <span class='ocrx_word' id='word_1_24' title='bbox 317 551 609 618; x_wconf 78' lang='lat' dir='ltr'>repraesentamus,</span> <span class='ocrx_word' id='word_1_25' title='bbox 624 549 784 618; x_wconf 88' lang='lat' dir='ltr'>tamquam</span> <span class='ocrx_word' id='word_1_26' title='bbox 800 531 949 594; x_wconf 86' lang='lat' dir='ltr'>circulum</span> <span class='ocrx_word' id='word_1_27' title='bbox 964 528 1039 594; x_wconf 85' lang='lat' dir='ltr'>dia-</span> 
     </span>
     <span class='ocr_line' id='line_1_6' title="bbox 204 617 1037 708; baseline -0.005 -24"><span class='ocrx_word' id='word_1_28' title='bbox 204 621 300 684; x_wconf 81' lang='lat' dir='ltr'>metri</span> <span class='ocrx_word' id='word_1_29' title='bbox 322 620 550 708; x_wconf 82' lang='lat' dir='ltr'>sesquipedalis</span> <span class='ocrx_word' id='word_1_30' title='bbox 578 622 724 684; x_wconf 86' lang='lat' dir='ltr'>flammeo</span> <span class='ocrx_word' id='word_1_31' title='bbox 741 619 848 683; x_wconf 81' lang='lat' dir='ltr'>colore</span> <span class='ocrx_word' id='word_1_32' title='bbox 872 617 1037 682; x_wconf 85' lang='lat' dir='ltr'>suffusum.</span> 
     </span>
     <span class='ocr_line' id='line_1_7' title="bbox 205 704 1040 786; baseline -0.002 -14"><span class='ocrx_word' id='word_1_33' title='bbox 205 708 311 772; x_wconf 90' lang='lat' dir='ltr'>Huius</span> <span class='ocrx_word' id='word_1_34' title='bbox 343 705 500 772; x_wconf 78' lang='lat' dir='ltr'>facultatis</span> <span class='ocrx_word' id='word_1_35' title='bbox 525 729 561 774; x_wconf 85' lang='lat' dir='ltr'>ea</span> <span class='ocrx_word' id='word_1_36' title='bbox 589 729 645 772; x_wconf 87' lang='lat' dir='ltr'>est.</span> <span class='ocrx_word' id='word_1_37' title='bbox 663 708 743 786; x_wconf 83' lang='lat' dir='ltr'>lex,</span> <span class='ocrx_word' id='word_1_38' title='bbox 772 724 807 770; x_wconf 91' lang='lat' dir='ltr'>ut</span> <span class='ocrx_word' id='word_1_39' title='bbox 837 707 868 776; x_wconf 69' lang='lat' dir='ltr'>si¹</span> <span class='ocrx_word' id='word_1_40' title='bbox 892 707 957 770; x_wconf 90' lang='lat' dir='ltr'>duo</span> <span class='ocrx_word' id='word_1_41' title='bbox 985 704 1040 770; x_wconf 84' lang='lat' dir='ltr'>vei</span> 
     </span>
     <span class='ocr_line' id='line_1_8' title="bbox 203 794 1040 884; baseline 0 -26"><span class='ocrx_word' id='word_1_42' title='bbox 203 797 298 884; x_wconf 80' lang='lat' dir='ltr'>plura</span> <span class='ocrx_word' id='word_1_43' title='bbox 327 798 416 860; x_wconf 87' lang='lat' dir='ltr'>simul</span> <span class='ocrx_word' id='word_1_44' title='bbox 440 797 566 862; x_wconf 85' lang='lat' dir='ltr'>obiecta</span> <span class='ocrx_word' id='word_1_45' title='bbox 582 797 791 883; x_wconf 84' lang='lat' dir='ltr'>perceptimus</span> <span class='ocrx_word' id='word_1_46' title='bbox 807 839 817 874; x_wconf 91' lang='lat'><strong>,</strong></span> <span class='ocrx_word' id='word_1_47' title='bbox 833 794 938 858; x_wconf 86' lang='lat' dir='ltr'>denuo</span> <span class='ocrx_word' id='word_1_48' title='bbox 955 815 1040 882; x_wconf 81' lang='lat' dir='ltr'>pto-</span> 
     </span>
     <span class='ocr_line' id='line_1_9' title="bbox 204 885 1038 962; baseline -0.004 -13"><span class='ocrx_word' id='word_1_49' title='bbox 204 885 306 949; x_wconf 88' lang='lat' dir='ltr'>ducta</span> <span class='ocrx_word' id='word_1_50' title='bbox 338 886 429 950; x_wconf 86' lang='lat' dir='ltr'>unius</span> <span class='ocrx_word' id='word_1_51' title='bbox 441 885 564 952; x_wconf 88' lang='lat' dir='ltr'>obiecti</span> <span class='ocrx_word' id='word_1_52' title='bbox 581 886 710 949; x_wconf 86' lang='lat' dir='ltr'>notione</span> <span class='ocrx_word' id='word_1_53' title='bbox 738 886 768 946; x_wconf 88' lang='lat' dir='ltr'>in</span> <span class='ocrx_word' id='word_1_54' title='bbox 791 901 897 950; x_wconf 87' lang='lat' dir='ltr'>mente</span> <span class='ocrx_word' id='word_1_55' title='bbox 916 899 1038 962; x_wconf 85' lang='lat' dir='ltr'>nostra,</span> 
     </span>
     <span class='ocr_line' id='line_1_10' title="bbox 205 971 1040 1060; baseline -0.005 -21"><span class='ocrx_word' id='word_1_56' title='bbox 205 971 336 1039; x_wconf 83' lang='lat' dir='ltr'>alterius</span> <span class='ocrx_word' id='word_1_57' title='bbox 362 975 493 1060; x_wconf 83' lang='lat' dir='ltr'>quoque</span> <span class='ocrx_word' id='word_1_58' title='bbox 510 973 574 1039; x_wconf 69' lang='lat' dir='ltr'>&#39;vei</span> <span class='ocrx_word' id='word_1_59' title='bbox 599 975 728 1056; x_wconf 80' lang='lat' dir='ltr'>aiios-um</span> <span class='ocrx_word' id='word_1_60' title='bbox 761 975 848 1036; x_wconf 91' lang='lat' dir='ltr'>notio</span> <span class='ocrx_word' id='word_1_61' title='bbox 863 971 1040 1038; x_wconf 82' lang='lat' dir='ltr'>excitetur.</span> 
     </span>
     <span class='ocr_line' id='line_1_11' title="bbox 205 1058 1039 1146; baseline -0.007 -18"><span class='ocrx_word' id='word_1_62' title='bbox 205 1058 257 1128; x_wconf 89' lang='lat' dir='ltr'>Ita</span> <span class='ocrx_word' id='word_1_63' title='bbox 281 1064 305 1126; x_wconf 83' lang='lat' dir='ltr'>si</span> <span class='ocrx_word' id='word_1_64' title='bbox 321 1062 413 1126; x_wconf 86' lang='lat' dir='ltr'>nobis</span> <span class='ocrx_word' id='word_1_65' title='bbox 430 1077 578 1125; x_wconf 80' lang='lat' dir='ltr'>occurrat</span> <span class='ocrx_word' id='word_1_66' title='bbox 593 1060 720 1146; x_wconf 87' lang='lat' dir='ltr'>aliquis,</span> <span class='ocrx_word' id='word_1_67' title='bbox 731 1060 760 1122; x_wconf 94' lang='lat' dir='ltr'>in</span> <span class='ocrx_word' id='word_1_68' title='bbox 777 1059 870 1122; x_wconf 89' lang='lat' dir='ltr'>hotto</span> <span class='ocrx_word' id='word_1_69' title='bbox 884 1076 976 1124; x_wconf 78' lang='lat' dir='ltr'>antea</span> <span class='ocrx_word' id='word_1_70' title='bbox 993 1060 1039 1122; x_wconf 82' lang='lat' dir='ltr'>ui-</span> 
     </span>
     <span class='ocr_line' id='line_1_12' title="bbox 203 1145 1038 1236; baseline -0.002 -22"><span class='ocrx_word' id='word_1_71' title='bbox 203 1169 278 1225; x_wconf 73' lang='lat' dir='ltr'>sus,</span> <span class='ocrx_word' id='word_1_72' title='bbox 297 1151 400 1236; x_wconf 83' lang='lat' dir='ltr'>imago</span> <span class='ocrx_word' id='word_1_73' title='bbox 416 1147 500 1212; x_wconf 84' lang='lat' dir='ltr'>horti</span> <span class='ocrx_word' id='word_1_74' title='bbox 515 1148 603 1214; x_wconf 92' lang='lat' dir='ltr'>nobis</span> <span class='ocrx_word' id='word_1_75' title='bbox 617 1147 708 1212; x_wconf 84' lang='lat' dir='ltr'>simul</span> <span class='ocrx_word' id='word_1_76' title='bbox 724 1145 869 1212; x_wconf 84' lang='lat' dir='ltr'>obiicitur</span> <span class='ocrx_word' id='word_1_77' title='bbox 886 1192 895 1224; x_wconf 89' lang='lat'><strong>,</strong></span> <span class='ocrx_word' id='word_1_78' title='bbox 917 1165 948 1212; x_wconf 89' lang='lat' dir='ltr'>et</span> <span class='ocrx_word' id='word_1_79' title='bbox 964 1167 1038 1230; x_wconf 88' lang='lat' dir='ltr'>cum</span> 
     </span>
     <span class='ocr_line' id='line_1_13' title="bbox 191 1234 1039 1324; baseline -0.002 -22"><span class='ocrx_word' id='word_1_80' title='bbox 191 1235 289 1320; x_wconf 67' lang='lat' dir='ltr'>,hosti</span> <span class='ocrx_word' id='word_1_81' title='bbox 316 1237 449 1324; x_wconf 83' lang='lat' dir='ltr'>imagine</span> <span class='ocrx_word' id='word_1_82' title='bbox 478 1237 608 1302; x_wconf 79' lang='lat' dir='ltr'>recurrit</span> <span class='ocrx_word' id='word_1_83' title='bbox 624 1256 754 1322; x_wconf 84' lang='lat' dir='ltr'>quoque</span> <span class='ocrx_word' id='word_1_84' title='bbox 774 1237 906 1300; x_wconf 85' lang='lat' dir='ltr'>aliorum</span> <span class='ocrx_word' id='word_1_85' title='bbox 922 1234 1039 1300; x_wconf 83' lang='lat' dir='ltr'>obiec-</span> 
     </span>
     <span class='ocr_line' id='line_1_14' title="bbox 202 1321 1039 1412; baseline -0.004 -22"><span class='ocrx_word' id='word_1_86' title='bbox 202 1343 335 1402; x_wconf 85' lang='lat' dir='ltr'>turum,</span> <span class='ocrx_word' id='word_1_87' title='bbox 358 1347 439 1410; x_wconf 86' lang='lat' dir='ltr'>quae</span> <span class='ocrx_word' id='word_1_88' title='bbox 464 1325 495 1388; x_wconf 91' lang='lat' dir='ltr'>in</span> <span class='ocrx_word' id='word_1_89' title='bbox 513 1347 553 1390; x_wconf 89' lang='lat' dir='ltr'>eo</span> <span class='ocrx_word' id='word_1_90' title='bbox 568 1324 724 1402; x_wconf 86' lang='lat' dir='ltr'>vidimus,</span> <span class='ocrx_word' id='word_1_91' title='bbox 742 1323 857 1412; x_wconf 80' lang='lat' dir='ltr'>imago.</span> <span class='ocrx_word' id='word_1_92' title='bbox 870 1321 1039 1390; x_wconf 81' lang='lat' dir='ltr'>Facultas</span> 
     </span>
     <span class='ocr_line' id='line_1_15' title="bbox 203 1411 1052 1478; baseline -0.002 0"><span class='ocrx_word' id='word_1_93' title='bbox 203 1411 267 1478; x_wconf 83' lang='lat' dir='ltr'>illa</span> <span class='ocrx_word' id='word_1_94' title='bbox 278 1416 398 1476; x_wconf 80' lang='lat' dir='ltr'>iterum</span> <span class='ocrx_word' id='word_1_95' title='bbox 412 1411 590 1478; x_wconf 75' lang='lat' dir='ltr'>excitandi</span> <span class='ocrx_word' id='word_1_96' title='bbox 602 1433 709 1476; x_wconf 84' lang='lat' dir='ltr'>rerum</span> <span class='ocrx_word' id='word_1_97' title='bbox 719 1411 920 1476; x_wconf 79' lang='lat' dir='ltr'>sensibilium</span> <span class='ocrx_word' id='word_1_98' title='bbox 934 1426 967 1476; x_wconf 83' lang='lat' dir='ltr'>et</span> <span class='ocrx_word' id='word_1_99' title='bbox 978 1413 1052 1476; x_wconf 83' lang='lat' dir='ltr'><em>ab·-</em></span> 
     </span>
     <span class='ocr_line' id='line_1_16' title="bbox 171 1498 1039 1586; baseline -0.002 -20"><span class='ocrx_word' id='word_1_100' title='bbox 171 1533 173 1540; x_wconf 52' lang='lat'><strong><em>⁴</em></strong></span> <span class='ocrx_word' id='word_1_101' title='bbox 201 1505 341 1566; x_wconf 83' lang='lat' dir='ltr'>sentium</span> <span class='ocrx_word' id='word_1_102' title='bbox 357 1505 522 1576; x_wconf 77' lang='lat' dir='ltr'>notiones,</span> <span class='ocrx_word' id='word_1_103' title='bbox 536 1501 585 1564; x_wconf 84' lang='lat' dir='ltr'>vis</span> <span class='ocrx_word' id='word_1_104' title='bbox 601 1504 818 1586; x_wconf 78' lang='lat' dir='ltr'>imaginatrix</span> <span class='ocrx_word' id='word_1_105' title='bbox 834 1544 843 1577; x_wconf 89' lang='lat'>,</span> <span class='ocrx_word' id='word_1_106' title='bbox 856 1498 1039 1586; x_wconf 71' lang='lat' dir='ltr'>phantasia</span> 
     </span>
     <span class='ocr_line' id='line_1_17' title="bbox 123 1585 1039 1678; baseline -0.003 -23"><span class='ocrx_word' id='word_1_107' title='bbox 123 1603 126 1617; x_wconf 73' lang='lat'><strong>¹</strong></span> <span class='ocrx_word' id='word_1_108' title='bbox 201 1590 252 1655; x_wconf 76' lang='lat' dir='ltr'>uel</span> <span class='ocrx_word' id='word_1_109' title='bbox 280 1593 473 1678; x_wconf 76' lang='lat' dir='ltr'>imaginatio</span> <span class='ocrx_word' id='word_1_110' title='bbox 490 1589 605 1654; x_wconf 83' lang='lat' dir='ltr'>dicitur</span> <span class='ocrx_word' id='word_1_111' title='bbox 622 1612 631 1666; x_wconf 89' lang='lat'>;</span> <span class='ocrx_word' id='word_1_112' title='bbox 649 1590 735 1652; x_wconf 86' lang='lat' dir='ltr'>notio</span> <span class='ocrx_word' id='word_1_113' title='bbox 756 1591 861 1652; x_wconf 70' lang='lat' dir='ltr'>nutem</span> <span class='ocrx_word' id='word_1_114' title='bbox 878 1585 945 1652; x_wconf 82' lang='lat' dir='ltr'>sive</span> <span class='ocrx_word' id='word_1_115' title='bbox 967 1589 1039 1652; x_wconf 77' lang='lat' dir='ltr'>idea</span> 
     </span>
     <span class='ocr_line' id='line_1_18' title="bbox 201 1671 1039 1764; baseline -0.004 -23"><span class='ocrx_word' id='word_1_116' title='bbox 201 1679 232 1741; x_wconf 87' lang='lat' dir='ltr'>vi</span> <span class='ocrx_word' id='word_1_117' title='bbox 248 1676 437 1756; x_wconf 74' lang='lat' dir='ltr'>imaginandi</span> <span class='ocrx_word' id='word_1_118' title='bbox 453 1677 612 1761; x_wconf 85' lang='lat' dir='ltr'>producta</span> <span class='ocrx_word' id='word_1_119' title='bbox 626 1675 830 1764; x_wconf 78' lang='lat' dir='ltr'><em>phantasma</em></span> <span class='ocrx_word' id='word_1_120' title='bbox 847 1671 1039 1760; x_wconf 82' lang='lat' dir='ltr'>appellatur.</span> 
     </span>
     <span class='ocr_line' id='line_1_19' title="bbox 200 1760 1039 1830; baseline -0.001 -1"><span class='ocrx_word' id='word_1_121' title='bbox 200 1760 284 1830; x_wconf 78' lang='lat' dir='ltr'>Idea</span> <span class='ocrx_word' id='word_1_122' title='bbox 293 1787 368 1829; x_wconf 81' lang='lat' dir='ltr'>veto</span> <span class='ocrx_word' id='word_1_123' title='bbox 381 1769 431 1827; x_wconf 78' lang='lat' dir='ltr'>rei</span> <span class='ocrx_word' id='word_1_124' title='bbox 442 1767 571 1827; x_wconf 81' lang='lat' dir='ltr'>minime</span> <span class='ocrx_word' id='word_1_125' title='bbox 585 1761 748 1828; x_wconf 81' lang='lat' dir='ltr'>sensibilis</span> <span class='ocrx_word' id='word_1_126' title='bbox 759 1764 874 1828; x_wconf 86' lang='lat' dir='ltr'>dicitur</span> <span class='ocrx_word' id='word_1_127' title='bbox 888 1761 1039 1828; x_wconf 77' lang='lat' dir='ltr'>intellec-</span> 
     </span>
     <span class='ocr_line' id='line_1_20' title="bbox 201 1849 1037 1937; baseline -0.002 -21"><span class='ocrx_word' id='word_1_128' title='bbox 201 1855 249 1917; x_wconf 81' lang='lat' dir='ltr'>tio</span> <span class='ocrx_word' id='word_1_129' title='bbox 264 1895 273 1926; x_wconf 89' lang='lat'><strong>,</strong></span> <span class='ocrx_word' id='word_1_130' title='bbox 290 1851 399 1937; x_wconf 83' lang='lat' dir='ltr'>quales</span> <span class='ocrx_word' id='word_1_131' title='bbox 414 1867 486 1914; x_wconf 87' lang='lat' dir='ltr'>suot</span> <span class='ocrx_word' id='word_1_132' title='bbox 504 1849 595 1914; x_wconf 80' lang='lat' dir='ltr'>ideae</span> <span class='ocrx_word' id='word_1_133' title='bbox 614 1851 700 1926; x_wconf 90' lang='lat' dir='ltr'>Dei,</span> <span class='ocrx_word' id='word_1_134' title='bbox 716 1851 840 1914; x_wconf 83' lang='lat' dir='ltr'>virtutis</span> <span class='ocrx_word' id='word_1_135' title='bbox 855 1897 866 1930; x_wconf 75' lang='lat'>„</span> <span class='ocrx_word' id='word_1_136' title='bbox 888 1851 1037 1916; x_wconf 87' lang='lat' dir='ltr'>iustitiae.</span> 
     </span>
     <span class='ocr_line' id='line_1_21' title="bbox 216 1936 1038 2029; baseline 0 -29"><span class='ocrx_word' id='word_1_137' title='bbox 216 1938 294 2029; x_wconf 51' lang='lat' dir='ltr'>3V.</span> <span class='ocrx_word' id='word_1_138' title='bbox 343 1936 452 2000; x_wconf 84' lang='lat' dir='ltr'>ideam</span> <span class='ocrx_word' id='word_1_139' title='bbox 478 1938 613 2022; x_wconf 85' lang='lat' dir='ltr'>aliquam</span> <span class='ocrx_word' id='word_1_140' title='bbox 641 1959 698 2001; x_wconf 82' lang='lat' dir='ltr'>nos</span> <span class='ocrx_word' id='word_1_141' title='bbox 726 1939 838 2003; x_wconf 88' lang='lat' dir='ltr'>iterum</span> <span class='ocrx_word' id='word_1_142' title='bbox 868 1939 1038 2026; x_wconf 84' lang='lat' dir='ltr'>aliqnando</span> 
     </span>
     <span class='ocr_line' id='line_1_22' title="bbox 200 2027 1036 2113; baseline 0.004 -25"><span class='ocrx_word' id='word_1_143' title='bbox 200 2027 454 2113; x_wconf 83' lang='lat' dir='ltr'>cognoscimus,</span> <span class='ocrx_word' id='word_1_144' title='bbox 484 2047 600 2109; x_wconf 80' lang='lat' dir='ltr'>nempe</span> <span class='ocrx_word' id='word_1_145' title='bbox 632 2028 747 2091; x_wconf 86' lang='lat' dir='ltr'>conscii</span> <span class='ocrx_word' id='word_1_146' title='bbox 777 2049 907 2105; x_wconf 86' lang='lat' dir='ltr'>sumus,</span> <span class='ocrx_word' id='word_1_147' title='bbox 933 2027 1036 2092; x_wconf 86' lang='lat' dir='ltr'>ideam</span> 
     </span>
     <span class='ocr_line' id='line_1_23' title="bbox 199 2112 1041 2202; baseline 0.005 -26"><span class='ocrx_word' id='word_1_148' title='bbox 199 2112 287 2178; x_wconf 84' lang='lat' dir='ltr'>iilam</span> <span class='ocrx_word' id='word_1_149' title='bbox 310 2135 367 2179; x_wconf 87' lang='lat' dir='ltr'>nos</span> <span class='ocrx_word' id='word_1_150' title='bbox 385 2131 477 2180; x_wconf 83' lang='lat' dir='ltr'>antea</span> <span class='ocrx_word' id='word_1_151' title='bbox 504 2112 666 2179; x_wconf 87' lang='lat' dir='ltr'>habuisse.</span> <span class='ocrx_word' id='word_1_152' title='bbox 682 2112 752 2178; x_wconf 82' lang='lat' dir='ltr'><em>Illa</em></span> <span class='ocrx_word' id='word_1_153' title='bbox 767 2113 947 2194; x_wconf 86' lang='lat' dir='ltr'>facultas,</span> <span class='ocrx_word' id='word_1_154' title='bbox 970 2136 1041 2202; x_wconf 81' lang='lat' dir='ltr'>qua</span> 
     </span>
     <span class='ocr_line' id='line_1_24' title="bbox 201 2201 1041 2286; baseline 0 -19"><span class='ocrx_word' id='word_1_155' title='bbox 201 2204 298 2268; x_wconf 78' lang='lat' dir='ltr'>ideas</span> <span class='ocrx_word' id='word_1_156' title='bbox 334 2217 367 2267; x_wconf 84' lang='lat' dir='ltr'>et</span> <span class='ocrx_word' id='word_1_157' title='bbox 407 2225 460 2268; x_wconf 83' lang='lat' dir='ltr'>ret</span> <span class='ocrx_word' id='word_1_158' title='bbox 497 2201 581 2268; x_wconf 83' lang='lat' dir='ltr'>ideis</span> <span class='ocrx_word' id='word_1_159' title='bbox 617 2217 886 2286; x_wconf 77' lang='lat' dir='ltr'>repraesentatas</span> <span class='ocrx_word' id='word_1_160' title='bbox 917 2206 1041 2267; x_wconf 78' lang='lat' dir='ltr'>iterum</span> 
     </span>
     <span class='ocr_line' id='line_1_25' title="bbox 198 2289 1040 2376; baseline -0.002 -22"><span class='ocrx_word' id='word_1_161' title='bbox 198 2295 415 2376; x_wconf 82' lang='lat' dir='ltr'>cognoscimus</span> <span class='ocrx_word' id='word_1_162' title='bbox 431 2335 440 2364; x_wconf 85' lang='lat'>‚</span> <span class='ocrx_word' id='word_1_163' title='bbox 455 2289 610 2354; x_wconf 82' lang='lat' dir='ltr'>memoria</span> <span class='ocrx_word' id='word_1_164' title='bbox 627 2311 759 2354; x_wconf 84' lang='lat' dir='ltr'>vocatur</span> <span class='ocrx_word' id='word_1_165' title='bbox 777 2335 785 2365; x_wconf 91' lang='lat'><strong>‚</strong></span> <span class='ocrx_word' id='word_1_166' title='bbox 813 2293 865 2354; x_wconf 88' lang='lat' dir='ltr'>cui</span> <span class='ocrx_word' id='word_1_167' title='bbox 890 2291 1040 2376; x_wconf 81' lang='lat' dir='ltr'>opponi-</span> 
     </span>
     <span class='ocr_line' id='line_1_26' title="bbox 198 2377 1039 2465; baseline 0.001 -23"><span class='ocrx_word' id='word_1_168' title='bbox 198 2394 251 2442; x_wconf 85' lang='lat' dir='ltr'>tur</span> <span class='ocrx_word' id='word_1_169' title='bbox 266 2377 394 2442; x_wconf 84' lang='lat' dir='ltr'>oblivio.</span> <span class='ocrx_word' id='word_1_170' title='bbox 414 2377 668 2462; x_wconf 81' lang='lat' dir='ltr'>Nonnumquam</span> <span class='ocrx_word' id='word_1_171' title='bbox 692 2379 844 2465; x_wconf 88' lang='lat' dir='ltr'>contingit</span> <span class='ocrx_word' id='word_1_172' title='bbox 859 2423 869 2456; x_wconf 85' lang='lat'>‚</span> <span class='ocrx_word' id='word_1_173' title='bbox 884 2395 920 2440; x_wconf 89' lang='lat' dir='ltr'>ut</span> <span class='ocrx_word' id='word_1_174' title='bbox 935 2379 1039 2443; x_wconf 85' lang='lat' dir='ltr'>ideam</span> 
     </span>
     <span class='ocr_line' id='line_1_27' title="bbox 198 2466 1039 2555; baseline -0.007 -25"><span class='ocrx_word' id='word_1_175' title='bbox 198 2467 241 2530; x_wconf 81' lang='lat' dir='ltr'>tei</span> <span class='ocrx_word' id='word_1_176' title='bbox 268 2487 332 2529; x_wconf 90' lang='lat' dir='ltr'>non</span> <span class='ocrx_word' id='word_1_177' title='bbox 365 2466 522 2548; x_wconf 82' lang='lat' dir='ltr'>possimus</span> <span class='ocrx_word' id='word_1_178' title='bbox 554 2466 667 2528; x_wconf 86' lang='lat' dir='ltr'>iterum</span> <span class='ocrx_word' id='word_1_179' title='bbox 694 2466 870 2532; x_wconf 84' lang='lat' dir='ltr'>immediate</span> <span class='ocrx_word' id='word_1_180' title='bbox 894 2487 1039 2555; x_wconf 69' lang='lat' dir='ltr'>cognos-</span> 
     </span>
     <span class='ocr_line' id='line_1_28' title="bbox 198 2550 1040 2640; baseline 0.002 -24"><span class='ocrx_word' id='word_1_181' title='bbox 198 2573 297 2628; x_wconf 84' lang='lat' dir='ltr'>cere,</span> <span class='ocrx_word' id='word_1_182' title='bbox 337 2552 394 2614; x_wconf 86' lang='lat' dir='ltr'>sed</span> <span class='ocrx_word' id='word_1_183' title='bbox 420 2550 617 2638; x_wconf 82' lang='lat' dir='ltr'>indigeamus</span> <span class='ocrx_word' id='word_1_184' title='bbox 646 2552 752 2640; x_wconf 81' lang='lat' dir='ltr'>aliqua</span> <span class='ocrx_word' id='word_1_185' title='bbox 785 2554 844 2617; x_wconf 85' lang='lat' dir='ltr'>alia</span> <span class='ocrx_word' id='word_1_186' title='bbox 871 2554 972 2631; x_wconf 87' lang='lat' dir='ltr'>idea,</span> <span class='ocrx_word' id='word_1_187' title='bbox 1001 2569 1040 2618; x_wconf 84' lang='lat' dir='ltr'>ut</span> 
     </span>
     <span class='ocr_line' id='line_1_29' title="bbox 199 2637 1145 2729; baseline 0.007 -27"><span class='ocrx_word' id='word_1_188' title='bbox 199 2639 403 2725; x_wconf 81' lang='lat' dir='ltr'>praeteritam</span> <span class='ocrx_word' id='word_1_189' title='bbox 430 2637 535 2706; x_wconf 87' lang='lat' dir='ltr'>ideam</span> <span class='ocrx_word' id='word_1_190' title='bbox 563 2640 674 2705; x_wconf 83' lang='lat' dir='ltr'>iterum</span> <span class='ocrx_word' id='word_1_191' title='bbox 704 2663 923 2729; x_wconf 83' lang='lat' dir='ltr'>agnoscamus.</span> <span class='ocrx_word' id='word_1_192' title='bbox 950 2643 1043 2708; x_wconf 82' lang='lat' dir='ltr'>Haec</span> <span class='ocrx_word' id='word_1_193' title='bbox 1144 2707 1145 2718; x_wconf 65' lang='grc'>,</span> 
     </span>
     <span class='ocr_line' id='line_1_30' title="bbox 187 2721 1145 2816; baseline 0.006 -26"><span class='ocrx_word' id='word_1_194' title='bbox 187 2725 348 2808; x_wconf 81' lang='lat' dir='ltr'>facultas</span> <span class='ocrx_word' id='word_1_195' title='bbox 379 2771 389 2805; x_wconf 90' lang='lat'><strong>,</strong></span> <span class='ocrx_word' id='word_1_196' title='bbox 425 2749 499 2814; x_wconf 84' lang='lat' dir='ltr'>qua</span> <span class='ocrx_word' id='word_1_197' title='bbox 538 2726 633 2792; x_wconf 81' lang='lat' dir='ltr'>ideas</span> <span class='ocrx_word' id='word_1_198' title='bbox 661 2737 868 2816; x_wconf 73' lang='lat' dir='ltr'>praeteritas</span> <span class='ocrx_word' id='word_1_199' title='bbox 896 2730 1043 2795; x_wconf 82' lang='lat' dir='ltr'>mediate</span> <span class='ocrx_word' id='word_1_200' title='bbox 1144 2721 1145 2802; x_wconf 75' lang='lat' dir='ltr'>i</span> 
     </span>
     <span class='ocr_line' id='line_1_31' title="bbox 198 2817 1145 2902; baseline 0.005 -23"><span class='ocrx_word' id='word_1_201' title='bbox 198 2829 328 2883; x_wconf 80' lang='lat' dir='ltr'>tantum</span> <span class='ocrx_word' id='word_1_202' title='bbox 357 2835 473 2880; x_wconf 84' lang='lat' dir='ltr'>rursus</span> <span class='ocrx_word' id='word_1_203' title='bbox 487 2819 733 2902; x_wconf 80' lang='lat' dir='ltr'>cognoscimus,</span> <span class='ocrx_word' id='word_1_204' title='bbox 757 2818 871 2884; x_wconf 85' lang='lat' dir='ltr'>dicitur</span> <span class='ocrx_word' id='word_1_205' title='bbox 892 2820 1043 2885; x_wconf 80' lang='lat' dir='ltr'>testinis·</span> <span class='ocrx_word' id='word_1_206' title='bbox 1144 2817 1145 2838; x_wconf 63' lang='lat'>³</span> 
     </span>
    </p>
   </div>
   <div class='ocr_carea' id='block_1_2' title="bbox 198 2903 736 2997">
    <p class='ocr_par' dir='ltr' id='par_1_2' title="bbox 198 2903 736 2997">
     <span class='ocr_line' id='line_1_32' title="bbox 198 2903 736 2997; baseline 0 -26"><span class='ocrx_word' id='word_1_207' title='bbox 198 2905 310 2972; x_wconf 75' lang='lat' dir='ltr'>centia</span> <span class='ocrx_word' id='word_1_208' title='bbox 328 2945 338 2991; x_wconf 83' lang='lat'><em>,</em></span> <span class='ocrx_word' id='word_1_209' title='bbox 356 2903 407 2972; x_wconf 86' lang='lat' dir='ltr'>vel</span> <span class='ocrx_word' id='word_1_210' title='bbox 424 2903 522 2997; x_wconf 82' lang='lat' dir='ltr'>etiam</span> <span class='ocrx_word' id='word_1_211' title='bbox 537 2905 736 2976; x_wconf 73' lang='lat' dir='ltr'>recordatio.</span> 
     </span>
    </p>
   </div>
   <div class='ocr_carea' id='block_1_3' title="bbox 0 0 1154 3506">
    <p class='ocr_par' dir='ltr' id='par_1_3' title="bbox 0 0 1154 3506">
     <span class='ocr_line' id='line_1_33' title="bbox 0 0 1154 3506; baseline 0 2"><span class='ocrx_word' id='word_1_212' title='bbox 0 0 1154 3506; x_wconf 95' lang='lat' dir='ltr'> </span> 
     </span>
    </p>
   </div>
  </div>
 </body>
</html>
