2264 3420
176 226 177 231 ,
288 181 583 229 enutrimenta.
602 181 732 228 cae-rr.
909 185 947 250 75

56 267 175 322 motus
190 273 309 340 organo
340 252 481 316 sensorio
508 247 679 338 impressus
706 273 768 314 non
800 251 837 314 sit
852 250 948 332 idm,

67 363 171 428 quum
188 361 294 406 motus
309 343 410 407 nervis
423 341 568 404 sensoriis
581 341 802 428 imprimendas
813 345 950 428 pendeat

69 449 198 496 tantum
212 429 251 494 ab
266 429 390 494 interna
406 445 503 516 atque
518 449 648 494 externa
663 431 771 518 organi
788 433 951 492 constitn-

71 513 184 596 tione,
206 513 236 582 at
262 541 302 583 ue
317 539 334 582 a
351 517 447 581 modo
464 563 473 595 ,
488 539 554 604 quo
569 517 726 584 obiectum
743 517 823 582 idem
838 523 877 582 ati
890 541 951 580 nr-

71 630 190 696 ganum
206 542 362 688 redemtam
383 605 476 694 igitur
492 608 609 692 species
634 606 787 694 impressa
813 612 869 673 erit
894 629 952 670 ea-

70 697 168 774 dem,
184 717 220 760 ac
238 695 372 784 proinde
385 694 453 759 idea
469 694 636 760 materialis
652 712 682 760 et
710 699 858 760 sensualis
891 698 951 774 etit

71 805 208 873 quoque
224 783 345 849 eadem.
369 782 422 848 Ob
438 783 572 848 rationes
597 789 767 850 contrarias
792 785 821 848 in
849 783 950 851 aitero

70 894 149 936 casu
166 871 231 936 fieri
257 890 385 960 potest,
402 889 436 934 ut
459 893 561 936 motus
591 895 710 962 organo
739 875 879 937 sensorio
910 872 951 938 ab

70 961 190 1027 eodem
202 957 329 1025 obiecto
341 961 509 1050 impressus
525 981 588 1026 non
606 963 644 1026 sit
662 961 765 1037 idem,
783 983 820 1024 ac
836 963 951 1044 proin-

71 1049 118 1114 de
133 1049 255 1136 species
271 1052 435 1134 impressa,
451 1049 589 1136 ideoque
606 1067 636 1114 et
652 1051 721 1114 idea
739 1051 904 1114 materialis
921 1067 954 1116 et

74 1137 229 1202 sensualis
242 1137 280 1201 sit
293 1137 427 1202 diversa.
445 1137 528 1202 Rern
545 1138 697 1224 exemplis
719 1137 951 1204 illustrabimus.

76 1224 238 1289 Ponamus
258 1225 352 1290 oculo
367 1247 444 1290 sano
457 1241 560 1313 eoque
581 1228 668 1292 nudo
692 1229 826 1292 eundem
854 1227 953 1292 videti

61 1313 237 1400 ‚hominem
264 1315 381 1381 lumine
408 1316 521 1382 eodem
552 1317 739 1379 illustratum
777 1337 807 1380 et
836 1316 866 1377 in
891 1339 953 1380 eo-

73 1401 153 1468 dem
166 1405 241 1466 aiitis
255 1421 338 1468 statu
353 1430 362 1466 a
379 1426 472 1468 nemo
488 1426 553 1468 non
568 1407 669 1486 novit,
686 1403 855 1470 homimem
866 1405 954 1472 ilium

75 1491 215 1556 eundern
243 1511 398 1578 apparere
425 1491 489 1558 sive
517 1491 760 1580 magnitudinem
788 1495 852 1557 sive
881 1493 954 1557 for-

74 1601 162 1643 mam
178 1585 241 1644 sive
259 1580 388 1668 gradum
404 1579 568 1644 distinctae
587 1581 711 1642 visionis
727 1601 861 1666 speres.
886 1581 955 1644 Po-

76 1664 190 1732 nainus
215 1669 275 1730 iam
304 1667 438 1732 eundem
463 1667 620 1733 hominem
647 1671 677 1730 in
708 1669 834 1754 planitie
862 1689 957 1732 cons·

78 1757 212 1819 titutum
247 1756 376 1844 longius·
397 1755 569 1834 recedere,
595 1757 770 1822 distinctam
798 1759 954 1836 visionem

80 1841 284 1931 hominisque
315 1843 558 1930 magnitudinem
587 1845 698 1908 sensim
741 1845 877 1909 imminui
902 1851 955 1910 vi-

83 1929 174 1996 debis
190 1931 253 2002 ita,
269 1949 305 1996 ut
320 1933 448 1996 tandem
472 1931 608 1996 obscura
633 1955 762 2020 prorsus
790 1935 844 1998 fiat
864 1934 958 2014 visio,

81 2037 117 2085 et
145 2019 329 2106 magnitudo
357 2037 534 2086 evanescat.
563 2017 601 2084 ln
630 2025 732 2110 ptimo
763 2043 838 2086 casu
876 2025 960 2088 idem

80 2109 246 2173 obiectum
264 2109 302 2172 ad
317 2105 399 2172 idem
415 2131 568 2198 organum
585 2109 696 2175 eodem
714 2108 810 2175 modo
833 2113 959 2176 consti·-

81 2215 191 2262 tutum
209 2193 337 2262 refertur
354 2197 465 2278 eodem
481 2199 600 2275 modo,
614 2200 643 2261 in
660 2201 797 2262 seeundo
813 2221 887 2264 casu
904 2201 959 2276 dt,-

81 2307 182 2350 verso
198 2285 305 2351 modo.
327 2286 356 2350 Si
376 2306 487 2350 ocutus
517 2289 599 2349 vitto
625 2306 768 2350 concavo
790 2291 959 2364 muniatur,

82 2373 169 2438 idem
182 2371 340 2439 obiectum
354 2421 364 2450 ,
380 2377 410 2436 in
426 2375 534 2442 eadem
550 2373 715 2450 distantia,
733 2375 845 2438 eodem
862 2375 960 2446 modo

84 2461 280 2526 illustratum
298 2480 328 2526 et
345 2483 490 2529 manente
505 2461 616 2528 eodem
641 2465 715 2527 ae'ris
742 2481 824 2526 statu
842 2509 851 2540 ‚
868 2463 961 2540 vaide

85 2549 289 2615 imminutum
303 2571 435 2640 apparet
450 2551 492 2616 ita
505 2599 516 2630 ,
531 2569 566 2614 ut
595 2549 691 2614 homo
709 2551 795 2637 pueri
828 2551 962 2616 formam

88 2645 281 2713 mentiaturt
296 2637 459 2704 diversitas
474 2639 504 2704 in
520 2637 581 2702 hoc
593 2660 665 2702 casu
677 2641 706 2701 in
719 2639 838 2705 diversa
852 2641 963 2729 organi
1047 2651 1050 2658 '

87 2727 313 2790 constitutione
329 2745 457 2791 externa
474 2728 577 2814 posita
592 2745 650 2792 est.
675 2725 781 2789 letero
810 2729 964 2804 laboran-

85 2813 172 2879 tibus
187 2812 312 2882 obiecta
326 2817 507 2898 praesertim
536 2813 607 2878 alva
633 2814 779 2879 videntur
793 2818 873 2879 flava
903 2839 911 2889 ;
930 2817 962 2878 in

86 2901 152 2968 hoc
169 2923 243 2966 casu
260 2900 349 2966 ideae
366 2903 514 2967 sensualis
530 2903 694 2979 diversitas
712 2903 828 2986 pendet
846 2923 862 2963 a
880 2921 964 2962 con-

87 2993 252 3055 stitutione
265 2991 387 3054 interna
410 2987 506 3072 oculi.
520 2989 563 3050 At
581 2989 604 3050 si
619 3011 792 3074 ponamus,
809 2985 965 3048 hominem

90 3077 124 3141 in
136 3075 259 3162 fastigio
272 3076 367 3140 turris
380 3099 443 3140 non
459 3074 630 3137 admodum
645 3077 725 3138 altae
741 3075 966 3166 consistentem
