2264 3420
185 152 241 222 94·
438 153 625 204 ausuum·
649 152 791 206 mauu
812 177 815 182 -

149 217 153 226 ’
179 223 339 303 lubricae,
357 223 479 290 solidae
494 243 527 291 et
543 225 779 315 quadamtenus
795 217 1004 310 pellucidae,
1022 239 1076 284 os·

180 312 267 380 tibus
281 313 494 380 communiter
508 316 654 381 iunctae:
675 314 795 379 nullam
812 307 928 374 habent
942 309 1079 372 cavitas

180 418 369 490 tem,neque
383 402 595 468 medullamin
608 423 642 468 se
653 403 839 477 continent,
856 419 914 464 nec
927 397 1077 484 gaudent

178 487 247 554 ulla
260 490 474 558 sensibilitate.
494 492 598 555 vnn·
613 488 774 556 Mascula·
785 503 857 552 sunt
874 503 982 572 partes
999 488 1077 550 rnol-

179 575 245 655 les,
259 599 424 658 carnosae,
440 577 647 656 rubicundae,
664 599 695 646 et
715 595 860 642 motuum
879 577 1074 640 instrumen-

179 681 213 730 ta
230 689 398 732 nervorum
414 690 489 752 ope.
504 669 662 738 Constant
677 690 715 732 ex
733 669 825 731 meris
840 663 926 728 libris
943 709 953 742 ,
973 664 1072 730 nervis

180 769 214 821 ct
225 755 359 818 vasculis
372 755 548 822 intertextis
557 773 590 822 et
602 754 925 844 propriamembrana
936 753 1071 818 vestitis.

180 843 248 908 η’
264 841 422 911 Tendines
437 863 511 916 sunt
529 843 984 916 extremitatesmusculorutn
1001 889 1010 920 ,
1029 842 1070 905 li-

182 951 387 1019 gamentosae
397 978 407 1011 ,
419 933 551 998 validae.
566 935 619 998 x.⁰
632 929 836 998 Glandulae
849 931 996 1018 gaudent
1011 951 1063 1017 pe-

180 1018 289 1084 culiari
302 1021 438 1110 quadarn
453 1021 820 1107 substantiaspongiosa,
831 1041 928 1105 quarn
942 1036 1060 1083 conten

181 1108 206 1172 ti
223 1110 370 1188 nervuli,
397 1110 525 1176 vascula
541 1127 572 1176 et
588 1111 704 1176 ductus
719 1107 920 1174 excietotius
934 1128 1065 1194 compo·

182 1215 275 1262 nunt.
299 1199 425 1262 Ductus
453 1197 506 1264 ille
535 1198 694 1262 communi
724 1197 862 1281 quadam
887 1195 1066 1260 membrsna

130 1325 138 1342 .
183 1285 340 1373 cingitur,
358 1289 513 1372 variisque
524 1284 754 1361 secretionibus
766 1283 909 1350 inservit.
925 1285 995 1360 xr.⁰
1007 1281 1067 1348 Va·

180 1390 269 1438 caet
286 1373 421 1440 canales
436 1394 509 1440 sunt
521 1393 643 1440 meatus
655 1371 809 1462 oblongi,
825 1372 954 1450 conici,
969 1393 1063 1436 ment-

183 1455 325 1540 btanosi‚
339 1463 452 1548 quibus
467 1463 606 1550 liquores
618 1465 648 1527 in
661 1483 800 1548 corpore
812 1459 990 1525 vehuntur.
1000 1460 1066 1525 Hu-

183 1547 232 1614 ius
248 1555 369 1638 generis
385 1569 457 1616 sunt
465 1556 613 1618 arteriae
623 1573 678 1618 seu
692 1572 765 1614 vasa
779 1549 920 1626 elastica,
937 1551 1064 1636 pulsan-

184 1638 246 1715 tia,
262 1643 442 1729 sanguincm
457 1663 496 1706 ex
511 1641 608 1707 corde
621 1640 661 1704 nd
673 1659 781 1704 omnes
798 1639 947 1724 corporis
964 1654 1066 1726 partes

186 1724 375 1793 devehentin
390 1733 410 1808 ,'
432 1751 472 1794 ex
503 1745 657 1816 quattuor
683 1728 821 1804 tunicis,
845 1747 983 1810 quatum
1010 1747 1066 1790 una

184 1833 357 1894 nervaest,
373 1817 670 1902 composita.Venat
678 1834 752 1882 sunt
765 1814 860 1880 etiam
869 1837 945 1879 vasa
956 1817 1067 1904 ,pulsu

187 1901 352 1980 destituta,
368 1905 500 1972 valvulis
517 1907 682 1984 instructa,
693 1904 921 1990 etsanguinem
936 1925 976 1969 ex
997 1921 1067 1991 pat·

187 1989 273 2056 tibus
289 1995 432 2079 corpon's
445 1994 491 2071 ad
503 1993 762 2069 cortevehentia3
775 2007 924 2056 constant
937 2013 1066 2080 quoquc

187 2099 227 2143 ex
248 2095 400 2165 quattuor
414 2081 544 2147 to'nicis.
560 2083 622 2149 Cor
647 2082 726 2146 duas
740 2082 888 2147 continet
913 2082 1063 2146 cavitates

187 2185 270 2248 seu,
296 2165 514 2247 nt'anetotnici
530 2171 707 2260 loquuntur
722 2214 732 2248 ,
760 2168 840 2234 duos
854 2169 1064 2248 ventriculos,

188 2254 356 2323 dexterum
369 2259 571 2324 eteinitttum
581 2275 673 2345 septo
684 2258 824 2346 quodam
837 2255 1004 2340 diremtos.
1017 2257 1065 2321 Ex

180 2344 321 2413 dextero
335 2348 456 2414 cordis·
466 2348 643 2414 ventriculo
659 2346 766 2436 prodit
779 2364 847 2411 tunt
871 2367 954 2410 vena
973 2367 1066 2425 cava,

188 2453 273 2521 quae
288 2457 389 2500 ramos
403 2458 477 2502 suos
490 2459 548 2524 per
561 2455 667 2501 totum
683 2455 800 2522 corpus
812 2431 982 2512 diffundit,
998 2451 1064 2499 tunt

188 2523 302 2586 arteria
315 2522 528 2612 pulmonalt’s,
543 2547 623 2614 quae
646 2524 826 2612 sanguinem
842 2521 882 2586 ad
899 2522 1065 2608 pulmones

189 2607 305 2674 defert.
317 2610 366 2674 Etr
378 2611 502 2679 sinistro
518 2613 696 2682 ventriculo
710 2611 813 2675 oritur
824 2628 889 2673 tum
904 2626 1004 2676 aorta
1016 2631 1066 2676 seu

189 2698 299 2760 arteria
319 2719 465 2787 magna,
489 2723 569 2788 quae
594 2723 654 2788 pet
672 2719 775 2764 ramos
797 2715 831 2764 et
854 2699 999 2762 surculos
1015 2701 1064 2763 in·-

190 2803 338 2848 numetns
353 2790 535 2875 sanguinem
551 2789 591 2854 ad
606 2809 714 2853 omnes
730 2786 873 2873 corporis
890 2805 998 2872 partes
1014 2801 1065 2852 ve·-

189 2867 256 2949 hit,
271 2889 339 2936 tum
356 2895 437 2940 vena
455 2876 656 2962 pulmonalt's
670 2876 850 2964 sangninem
865 2897 883 2938 e
899 2874 1061 2960 pulmoni·

190 2955 249 3021 bus
267 2958 307 3022 ad
320 2981 377 3023 cot
392 2964 556 3028 revehens.
569 2963 659 3030 Vasa
672 2961 873 3051 lymphatica
888 2979 963 3024 sunt
972 2983 1062 3027 cana·

189 3044 278 3112 liculi
289 3063 423 3132 tenues,
446 3051 622 3140 pellucidi,
642 3068 779 3142 propter
788 3049 929 3116 valvulas
945 3052 1062 3139 copio-
