2298 3418
227 161 313 210 ms
337 161 411 210 ιιι.
435 161 595 214 uooscss·
618 164 695 214 our.
722 164 753 211 1.
849 163 909 212 sus

71 229 257 320 categorico
283 231 470 320 multiplici,
496 237 548 298 vel
570 233 674 320 plures
700 254 769 301 esse
795 232 916 314 medios

72 323 224 392 terminos
250 337 282 386 et
309 322 435 388 unicam
459 322 728 404 conclusionem,
755 321 806 388 vel
841 321 916 387 uni-

74 429 149 488 cum
177 410 315 476 medium
340 409 517 482 ‚terminum
542 427 574 477 et
596 413 701 500 plures
728 410 916 476 conclusio-

78 518 138 563 nes.
160 498 265 568 Vnde
285 519 393 565 rursus
419 499 598 588 colligitur,
620 501 839 590 syllogismum
862 519 917 566 ca·

62 587 252 676 ·tegoricum
268 589 476 678 multiplicem
492 591 522 652 in
539 604 587 652 tot
603 591 715 656 resolvi
731 609 827 678 posse
848 589 918 678 syl·

78 674 249 764 logismos,
283 696 367 765 quot
393 693 463 742 sunt
488 677 579 744 medii
606 681 726 744 termini
753 678 804 744 vel
830 697 914 742 con-

77 763 237 832 clusiones
263 763 416 832 diversae.
443 765 482 830 E.
534 811 542 828 .
564 768 589 830 si
611 765 654 834 ita
675 768 915 854 argumenterist

78 855 178 918 omnis
204 851 294 919 homo
320 858 460 922 serviens
485 787 656 945 affectibus
681 858 751 920 suis
777 869 826 918 est
852 857 919 920 mi·

79 961 131 1006 ser
159 945 192 1006 in
219 939 281 1008 hac
309 959 341 1008 et
368 947 403 1008 in
426 940 539 1010 altera
565 947 656 1010 vita.-
688 937 788 1006 multi
824 940 917 1007 divi-

78 1042 130 1092 tes
156 1033 303 1096 serviunt
325 1029 498 1122 affectibus
521 1033 611 1108 sulm
634 1051 712 1121 ergo
740 1026 840 1096 multi
867 1026 920 1096 di·

12 1169 13 1172 ,
78 1119 165 1183 vites
190 1132 267 1183 sunt
290 1123 408 1188 miseri.
440 1119 655 1210 Syllogismus.
676 1139 721 1186 est
757 1117 919 1208 categori-

78 1225 141 1272 cus
169 1205 355 1296 multiplex,
381 1210 413 1274 in
439 1231 505 1296 quo
530 1207 709 1278 inferuntur
737 1207 918 1273 conclusio·
944 1243 948 1252 ι

12 1369 14 1374 ,
78 1313 135 1365 nes
162 1293 263 1376 duae,
289 1297 411 1364 scilicet
440 1318 469 1362 1.
492 1297 579 1363 multi
610 1299 721 1364 divites
752 1316 825 1362 sunt
856 1299 918 1361 mi-

80 1379 140 1448 seri
167 1383 199 1448 in
226 1383 285 1450 hac
310 1385 396 1466 uita,
419 1407 470 1450 ιι.
492 1385 581 1454 multi
600 1385 710 1452 divites
736 1403 809 1451 sunt
830 1385 921 1451 mise·

68 1473 102 1536 ui
134 1469 167 1535 in
196 1471 296 1540 altera
326 1475 400 1540 vita.
426 1474 555 1544 Vnicus
581 1491 688 1540 autem
720 1488 769 1540 est
799 1473 918 1538 medius

81 1560 251 1642 terminus,
294 1585 408 1650 nempe
450 1562 547 1628 homo
581 1563 717 1629 serviens
754 1559 920 1624 aflectibus

80 1649 157 1717 tuis.
184 1649 290 1720 Vnde
314 1651 487 1718 attendenti
508 1649 598 1718 facile
621 1666 733 1740 pate-t,
763 1647 921 1736 syllogis-

68 1758 168 1805 ‹mum
190 1737 275 1806 hunc
298 1741 508 1828 compositum
530 1741 560 1806 in
586 1740 665 1806 duos
692 1737 847 1826 simplices
867 1757 923 1802 ca·

69 1827 244 1914 tegoricos
268 1850 364 1915 posse
392 1829 516 1895 resolvi.

126 1911 197 1986 VI.
242 1917 454 2008 syllogismus
481 1916 628 1999 biformis
653 1916 835 2005 appellatur
857 1915 923 1998 ille,

78 2003 110 2070 in
133 2025 201 2092 quo
224 2007 330 2094 posita
351 2007 481 2072 subiecti
503 2027 597 2090 atque
621 2007 794 2092 praedicati
815 2005 924 2072 deter-

81 2095 277 2174 minatione,
299 2094 358 2160 tub
381 2119 443 2184 qua
469 2096 682 2184 praedicatum
706 2095 790 2180 iungi
813 2109 925 2182 potest

76 2183 249 2262 subiecto,
266 2183 482 2270 praedicatum
499 2181 641 2248 subiecto
657 2181 813 2246 tribuitur.
831 2181 926 2259 Quo-2

81 2271 165 2336 niam
191 2272 285 2362 igitur
317 2275 348 2338 in
377 2273 598 2362 propositione
628 2269 738 2333 minori
779 2267 928 2334 affirmari

81 2359 208 2438 debet,
235 2379 266 2428 et
294 2361 437 2428 subiecto
464 2377 495 2427 et
519 2357 702 2448 praedicato
728 2377 817 2422 suam
843 2377 927 2420 con·

76 2451 190 2515 -venite
217 2451 248 2514 in
272 2449 348 2526 dato
368 2471 443 2516 casu
466 2448 757 2514 determinationem
770 2470 780 2522 ;
805 2448 836 2511 in
859 2445 929 2536 syl-

82 2537 218 2626 logismo
246 2538 372 2605 biformi
401 2537 520 2626 duplex
552 2535 719 2608 adhibetur
746 2533 928 2624 propositio

68 2705 70 2710 ,
84 2629 191 2692 minor
205 2673 214 2709 ,
238 2629 297 2694 sub
312 2629 443 2694 diversis
457 2625 585 2691 maiolis
599 2624 751 2712 partibus.
768 2623 930 2711 Exemplo

84 2719 122 2780 sit
149 2717 200 2780 hie
226 2716 446 2806 syllogismus:
477 2713 601 2806 logicus
622 2718 725 2779 omnis
746 2727 779 2777 et
800 2711 929 2778 theoria

83 2821 118 2871 et
129 2808 453 2893 praeinstructus,
469 2816 621 2889 praestat
636 2800 736 2890 logico
751 2797 822 2865 sola
834 2801 930 2866 theo-

84 2898 140 2962 uia
155 2897 316 2964 instructo
329 2916 344 2974 ,·
358 2892 421 2962 scd
440 2892 560 3044 Titiup)
568 2905 618 2956 est
640 2887 763 2978 logicus
785 2903 818 2954 et
842 2885 931 2954 shee-

366 2999 370 3009 “
468 2997 469 3004 ’
574 2997 592 3045 2
