2264 3420
197 124 240 190 82
367 135 394 170 ·=
459 141 642 191 snsrrrvr.
666 141 803 190 aureos.

194 212 395 300 tiplicationis
409 233 446 280 ac
461 215 618 280 divisionis
630 209 947 279 arithmeticaeetiam
958 207 993 274 in
1002 210 1077 275 sint·

194 302 371 388 plicissimis
385 303 519 367 numetis
534 325 596 368 non
613 301 844 368 recordaretur.
857 301 1005 364 Necesse
1020 300 1080 388 igi-

195 406 249 452 tur
272 406 342 464 est,
370 410 405 456 ut
428 391 590 496 quidpiam
617 391 648 452 in
669 409 857 478 corporeae
877 387 1079 474 potissimum

195 475 227 540 in
242 478 375 544 cerebro
391 481 482 557 insit,
498 481 585 568 quod
601 477 830 566 imaginationis
846 475 1034 564 operationi
1049 479 1077 540 in

196 566 298 630 anima
322 568 526 654 respondeat.
548 567 764 646 Quamobrem
788 587 888 652 quum
905 563 984 628 ideis
1002 585 1074 628 sen-

196 653 335 718 sualibus
352 657 562 741 respondeant
578 655 665 721 ideae
682 655 853 720 materiales
878 655 909 716 in
928 651 1074 731 cerebro,

195 739 269 805 hinc
288 739 375 808 facile
391 744 573 832 colligitur,
593 743 719 809 easdem
740 744 823 808 ideas
845 742 1026 806 materiales
1045 742 1073 805 iu

196 829 329 895 cerebro
342 831 452 896 iterum
470 832 605 920 produci
617 829 753 911 debere,
767 830 893 920 quoties
906 828 1003 894 ideae
1014 851 1072 894 sen·

197 918 299 1008 tuales
317 919 431 986 iterum
452 922 482 985 in
496 923 596 1005 anima
613 921 854 1008 producuntut3
870 918 913 982 ita
930 918 1068 982 nimirum

196 1025 348 1096 apparet,
364 1008 428 1096 vim
442 1008 668 1097 imaginationis
684 1009 796 1074 eodem
813 1007 912 1072 modo
924 1007 1067 1084 delicere,

197 1113 264 1178 quo
280 1097 383 1163 delicit
403 1097 448 1160 vis
464 1095 662 1162 sensationis.
683 1097 850 1176 Quaenam
873 1117 955 1162 vero
974 1113 1070 1160 muta·

197 1183 301 1249 tiones
317 1188 347 1249 in
362 1184 492 1252 cerebro
503 1230 511 1264 ,
521 1204 553 1252 er
588 1207 631 1250 uo
646 1186 748 1264 modo
761 1183 1006 1273 producantur,
1018 1205 1071 1250 uos

198 1272 359 1359 explicare
378 1295 442 1338 non
457 1295 548 1361 posse
564 1210 717 1352 litemus,
734 1293 804 1338 tum
823 1271 915 1357 quod
933 1289 1069 1336 structu·

95 1391 97 1394 ·
164 1439 165 1442 Ἴ
196 1375 231 1423 ta
246 1360 367 1428 cerebri
389 1383 452 1427 non
468 1362 508 1425 sit
523 1363 596 1427 satis
611 1361 797 1449 explorata,
815 1380 882 1425 tum
909 1361 1002 1450 qnod
1020 1362 1066 1422 iu-

197 1466 320 1524 cettum
334 1451 463 1516 omnino
479 1449 538 1530 sit,
559 1472 599 1516 an
613 1471 719 1515 motus
735 1451 766 1514 in
787 1471 909 1538 organo
932 1449 1069 1515 sensorio

198 1535 241 1615 ab
255 1537 384 1605 obiecto
401 1541 568 1626 impressus
584 1539 614 1625 in
629 1536 810 1620 iibrillatnm
827 1559 1014 1602 nervearutn
1029 1559 1071 1600 os·

197 1625 357 1696 cillatione
377 1627 553 1708 consistat,
578 1649 617 1692 an
641 1629 671 1691 in
694 1646 782 1691 motu
800 1625 887 1690 fluidi
910 1625 1071 1691 cuiusdam

200 1714 413 1794 subtilissimi,
434 1715 523 1804 quod
542 1737 560 1782 a
579 1713 890 1802 nonnullisflitidum
911 1735 1070 1791 nerveum,

199 1801 240 1864 ab
255 1801 321 1866 aliis
346 1807 485 1890 spiritus
499 1801 660 1870 animales
675 1803 874 1892 appellatur,
889 1825 931 1866 an
948 1801 1073 1867 tandem

200 1887 233 1953 in
249 1889 427 1956 fibtillarum
441 1892 647 1969 oscillatione,
661 1891 813 1978 simulque
828 1892 998 1978 spirituum
1014 1891 1073 1955 ani·

201 1979 330 2044 malium
347 1998 443 2044 motu.
461 1981 521 2046 Sed
536 2000 768 2066 quamcumque
783 1976 997 2068 hypothesim
1010 2002 1073 2044 atn-

121 2067 122 2070 ’
200 2067 362 2151 plectaris,
373 2088 437 2132 rem
454 2065 584 2156 perinde
600 2067 783 2154 explicabis.
799 2069 870 2133 Nos
882 2086 994 2134 autem
1007 2090 1074 2134 cet-

200 2153 242 2218 tis
265 2155 380 2222 incerta
400 2158 532 2222 miscere
555 2155 722 2222 noluimus.

246 2241 310 2321 lll.
357 2245 387 2312 Si
409 2246 564 2332 quaedam
586 2242 888 2332 siutulpercipimus
901 2290 912 2321 ,
935 2242 1076 2310 etunius

201 2335 369 2420 perceptio
396 2336 504 2420 denuo
529 2334 726 2420 producatur
754 2334 818 2396 sive
842 2352 991 2397 sensuum
1017 2333 1078 2398 sive

202 2421 431 2509 imaginationis
448 2445 535 2510 ope,
563 2421 744 2511 imaginatio
768 2420 919 2508 producit
940 2440 972 2485 et
1002 2441 1078 2506 per-

203 2510 386 2592 ceptionem
413 2511 552 2576 alterius.
578 2510 706 2579 Verum
734 2523 770 2572 ut.
797 2508 977 2598 imaginatio
1005 2531 1078 2572 cnm

200 2600 406 2684 perceptione
425 2616 586 2684 praesente
602 2599 644 2663 rei
665 2596 797 2661 alicuius
818 2597 930 2664 iterum
950 2596 1080 2684 produ·

200 2703 252 2747 cat
281 2687 498 2771 perceptiones
527 2687 656 2752 aliarum
680 2706 783 2750 rernm
810 2685 901 2748 simul
928 2705 1003 2748 cnm
1028 2687 1079 2749 illa

201 2771 452 2856 perceptarum,
468 2793 595 2838 necesse
621 2790 688 2848 est,
714 2791 761 2838 tes
786 2770 860 2835 istas
881 2772 932 2836 vel
954 2774 1078 2859 saepius

202 2859 254 2922 vel
273 2858 328 2922 diu
345 2859 433 2921 simul
446 2877 613 2947 perceptas
627 2857 740 2946 fuisse.
755 2859 785 2922 Si
801 2859 883 2924 enirn
898 2879 967 2939 res,
983 2883 1080 2948 quam

202 2966 289 3008 utine
321 2943 527 3028 percipimus,
557 2947 716 3012 s'ucessive
748 2965 821 3015 curn
855 2947 946 3009 variis
984 2947 1079 3013 rebus

203 3028 266 3094 eliis
283 3031 375 3096 simul
391 3029 635 3120 perceptafuit,
660 3035 741 3100 ratio
764 3033 869 3124 aliqua
887 3033 1001 3100 adesse
1029 3035 1079 3101 de·
