2300 3506
322 289 337 328 .’
382 281 527 330 οΑΡντ
554 281 608 326 11.
882 277 922 354 ¹7

75 369 132 438 ‚pe
156 349 214 428 ut,
241 365 279 416 ut
305 373 494 440 oppugnans
521 351 722 441 syllogismos
748 347 924 438 hypothe-

63 449 66 454 '
83 440 186 516 ticos,
205 437 512 512 siveconditionsles
527 457 716 527 proponat,
743 440 773 502 in
798 441 918 528 quilius

90 549 199 614 nempe
212 529 313 593 maior
328 533 507 618 propositio
524 546 572 594 est
593 527 830 614 hypothetica,
855 529 923 597 sive

82 617 305 694 ,conditionem
331 621 468 704 aliquam
505 616 651 682 includit.
678 616 761 681 Talis
791 637 837 682 est
870 617 922 686 hlc

91 705 316 796 syllogismus:
343 711 374 772 si
389 708 486 772 Dens
499 721 567 782 est,
588 705 729 772 mttndttt
740 705 924 793 providen-
966 738 968 748 ·

89 799 136 860 tia
162 799 321 882 rogitem
349 797 447 883 atqui
470 793 565 860 Deus
580 810 660 869 ηις
690 815 764 882 ergo
782 795 924 860 mulidus

77 885 296 969 ,providentia
324 883 462 970 regitur.
495 883 600 946 Maior
628 881 718 946 huius
746 882 923 971 syllogismi

74 989 215 1042 ,constat
229 970 359 1038 duabus
378 969 543 1056 partibus,
572 991 703 1056 quarum
719 993 806 1058 prior
823 995 922 1037 voca-

86 1075 139 1124 tur
166 1059 390 1137 antecedens,
420 1078 500 1143 quae
529 1059 710 1124 continetur
737 1057 866 1126 verbis:
893 1065 926 1126 η’

77 1147 184 1214 Deus
201 1164 252 1212 est
260 1148 452 1233 sposterior.
463 1167 677 1236 consequens,
693 1145 835 1214 mundns
845 1171 924 1238 pro·

81 1212 238 1300 videntia
262 1238 397 1324 regillis.
428 1233 545 1320 Itaque
569 1236 743 1303 defendens
774 1256 922 1304 accurate

90 1323 271 1414 expendere
289 1325 397 1390 :debet
428 1325 656 1413 propositionis
690 1324 922 1414 hypotheticae

88 1413 305 1493 antecedens,
335 1435 531 1498 consequens
549 1431 579 1480 et
594 1415 860 1501 consequentiam.
891 1416 923 1480 Si

78 1503 281 1570 nutecedens
304 1505 495 1580 resumsit,
523 1521 767 1592 et-consequens
784 1526 822 1568 ex
840 1504 922 1567 illius

86 1591 219 1656 veritate
234 1613 300 1656 uon
316 1611 467 1670 eruatur,
481 1590 653 1657 defendens
667 1635 677 1667 ,
692 1611 845 1654 concesso
859 1612 925 1654 an·

88 1679 279 1756 secedente,
307 1699 400 1768 negat
430 1680 687 1768 consequentiam
720 1678 858 1744 molotius
892 1677 923 1744 Si

91 1769 282 1832 antecedens
304 1765 413 1831 falsum
435 1785 508 1846 est,
536 1791 567 1834 et
590 1767 816 1854 consequentia
842 1765 926 1856 legl-

94 1855 198 1930 tima,
229 1857 411 1921 conceditur
426 1858 534 1922 maior.
562 1857 645 1934 Quia
666 1875 772 1922 alitent
793 1873 926 1920 antece-

21 969 28 1000 l

93 1942 172 2007 dens
190 1987 200 2019 ,
228 1941 438 2029 quodfalsum
456 1965 501 2012 est
521 1991 531 2023 ,
562 1944 734 2011 affirmatur
750 1944 779 2010 in
797 1943 923 2024 minori3

91 2031 196 2118 negari
218 2032 313 2098 debet
331 2038 441 2098 minor.
472 2035 615 2100 Tandem
637 2035 659 2098 si
674 2057 746 2100 veta
762 2035 823 2098 sint
842 2055 925 2121 pro-

89 2120 258 2208 positionis
283 2123 504 2187 conditionalis
530 2124 718 2190 antecedens
746 2141 778 2188 et
804 2145 926 2188 conse·
1018 2167 1019 2172 κ

89 2231 212 2296 quens,
242 2229 335 2294 atque
356 2212 495 2300 legitima
518 2213 556 2276 sit
580 2212 831 2298 consequentis,
864 2233 926 2276 ne-

90 2316 184 2384 getur
206 2315 312 2363 autem
332 2310 526 2387 consequens
551 2301 581 2364 in
596 2301 708 2364 minori
727 2345 739 2375 ,
768 2316 803 2362 ut
818 2297 925 2388 negari

89 2388 184 2452 etiam
198 2389 300 2474 possit
316 2393 505 2454 antecedens
524 2390 553 2452 in
577 2387 783 2454 conclusione
800 2409 809 2462 ;
842 2410 928 2450 con-

12 2518 18 2523 ·
89 2498 176 2540 cessa
188 2478 301 2540 maiori
317 2477 421 2564 negari
440 2477 536 2542 debet
550 2479 651 2542 minor
669 2501 678 2554 3
706 2491 744 2563 pt
760 2491 848 2562 patet
865 2475 928 2537 hoc

90 2568 262 2649 exemplos
293 2569 325 2629 si
338 2564 455 2655 aliqua
471 2569 514 2630 sit
529 2569 666 2652 cognitio
682 2561 774 2630 certa
792 2607 801 2640 ,
829 2561 927 2627 debet

90 2675 161 2718 esse
188 2667 310 2718 certum
333 2659 487 2718 veritatis
512 2658 708 2731 criterium
735 2654 835 2741 atqui
848 2649 928 2714 nul-

89 2739 160 2804 lum
176 2755 225 2802 est
242 2758 366 2806 certum
383 2745 535 2807 veritatis
551 2747 717 2808 criterium
728 2765 744 2818 ‚·
761 2761 837 2828 ergo
853 2735 927 2804 nul-

87 2825 126 2894 la
146 2842 198 2890 est
218 2833 356 2916 cognitio
370 2846 473 2895 certa.
504 2827 540 2894 In
556 2828 617 2895 hoc
633 2831 819 2919 syllogismo
839 2850 923 2894 con-

89 2917 216 2982 ceditur
229 2920 328 2983 maior
342 2963 352 2996 ,
383 2917 471 2983 cuius
488 2938 592 3006 partes
610 2940 719 2997 omnes
733 2939 825 2982 verae
841 2932 926 2979 sunt.

89 3007 170 3160 0¹ss
193 3024 301 3158 ευῗω
316 3009 347 3072 in
362 3006 474 3074 minori
494 3025 629 3156 negatpp
643 3025 840 3093 consequens
854 3005 930 3072 πή*

162 3117 222 3160 om.
254 3139 263 3159 .
