2298 3418
248 161 314 257 tpo
486 169 675 256 ttssntnvm
698 169 836 258 nistros.
856 203 870 258 ο.
936 176 939 186 ·
1033 241 1042 259 ι

244 241 381 332 itngntttt
401 241 529 308 latinam
550 259 623 308 ante
637 238 751 344 Ttbprn
766 257 978 332 prtnorpstttttt
995 237 1081 310 fors·

243 352 276 399 se
301 352 438 420 purams
468 331 524 396 sed
545 351 674 394 cottum
701 351 709 392 ι
731 333 874 418 coepisse
895 332 959 396 eius
983 353 1080 398 aevo.

242 418 400 486 Desitiva
415 419 598 506 propositio
615 436 661 485 est
676 350 778 486 iisse:
797 419 947 486 Romana
960 417 1081 508 lingua

242 505 344 574 desiit
355 529 425 573 esse
437 528 526 596 pura
540 510 583 573 ab
606 529 642 574 eo
654 522 799 598 tempore
814 554 824 589 ,
850 523 912 600 q'uo
926 513 1084 598 intrume-

241 597 276 662 εἰ
299 599 469 686 peregrini
494 599 629 663 civitate
656 593 775 663 donati
800 614 885 662 sunt.
916 596 978 660 His
994 618 1083 684 pro·

241 685 456 772 positionibus
478 684 553 751 addi
573 700 681 770 potest
704 689 937 752 continuativa.
967 685 1033 758 Vt,
1054 687 1081 752 si

241 773 441 858 quisdicat:
469 779 530 840 sub
551 773 699 861 Augusti
705 777 897 863 principatu
913 795 1003 862 pura
1019 797 1080 840 re-

241 867 363 928 mansit
391 860 507 952 lingua
537 860 674 942 latina,
705 863 826 952 inqua
854 864 1078 952 propositione

240 951 299 1015 tria
327 953 530 1018 continentur
556 950 681 1017 iudicia.

285 1038 368 1105 xli.
414 1040 581 1118 Quaedam
607 1058 689 1105 'sont
715 1036 795 1106 aliae
825 1039 1076 1129 propositiones,

241 1148 326 1215 quse
354 1127 508 1214 simplices
532 1127 701 1206 videntur,
731 1127 805 1194 iicet
829 1129 891 1194 sint
914 1131 1077 1214 composi·

240 1231 302 1282 tae.
332 1217 386 1286 Vt
405 1217 464 1281 ista
479 1217 566 1304 apud
583 1216 773 1281 Horatiums
801 1215 950 1304 prudens
967 1215 1079 1298 futu-

240 1306 274 1370 ti
297 1308 453 1393 temporis
479 1307 605 1372 exitum
629 1303 810 1392 caliginosa
841 1320 931 1372 nocte
951 1309 1078 1393 premit

241 1390 339 1458 Deus
355 1438 365 1472 ,
390 1391 479 1458 cuius
493 1413 599 1460 sensus
616 1410 687 1472 est,
712 1392 830 1470 Deus,
853 1397 912 1486 qui
925 1393 1079 1481 prudens

240 1479 414 1562 estftttttri
436 1486 590 1572 temporis
612 1497 675 1548 cet.
705 1480 748 1545 Et
773 1482 851 1546 haec
879 1483 1076 1570 propositio,

240 1569 457 1674 puiprudens
468 1585 540 1649 est,
556 1569 700 1638 incidens
714 1570 913 1656 appellatur,
929 1591 968 1637 eo
986 1571 1081 1659 qnod·

243 1677 276 1721 tn
291 1659 381 1723 aliam
406 1660 656 1749 propositionem
678 1657 821 1738 incidat,
847 1679 903 1727 seu
926 1658 1077 1726 adalinus

240 1745 493 1836 prepositionem
508 1744 682 1825 referatur,
699 1769 782 1836 quae
795 1766 930 1813 vocator
942 1751 1080 1835 prima-

242 1838 298 1900 ria
313 1855 368 1900 seu
377 1835 587 1924 principalis.
614 1835 738 1902 Contra
755 1853 861 1912 sutem
876 1884 888 1916 ,
920 1837 1087 1922 quaedam·

238 1922 475 2010 propositiones
491 1924 638 1990 videntur
653 1923 851 2012 compositae
867 1968 878 2003 ,
906 1943 989 2014 quae
1004 1926 1082 1989 sim-

242 2009 337 2098 plices
358 2026 455 2091 suot,
487 2030 522 2078 nt
537 2015 634 2080 istaes
662 2015 737 2089 vis,
765 2033 851 2101 quar
873 2028 922 2078 ese
949 2013 1087 2082 consilii
1118 2093 1119 2103 χ

242 2118 386 2188 expers,
415 2098 497 2168 mole
520 2107 590 2167 ruit
607 2109 689 2166 'suin
719 2101 806 2165 Nam
829 2107 929 2189 quum
952 2123 1083 2190 propo·

241 2189 311 2252 sitio
327 2185 430 2269 hoec,
459 2211 545 2280 quae
559 2205 609 2255 est
623 2188 752 2256 consilii
770 2209 914 2279 expers,
944 2190 985 2255 sit
1000 2209 1083 2256 tan-

241 2290 312 2342 tum
338 2278 482 2346 conditio
512 2278 619 2346 addito
647 2278 817 2356 subiecto,
844 2297 883 2346 stt
912 2279 1083 2367 praedica·

241 2379 310 2430 tum
333 2369 361 2433 ei
384 2369 552 2433 convenire
577 2365 702 2452 possit3
730 2367 859 2432 unicum
884 2384 931 2433 est
953 2389 1085 2456 propo·

241 2453 365 2519 sitionis
391 2457 490 2520 totins
517 2454 706 2522 subiectum.
730 2452 847 2542 Itaque
861 2455 939 2520 dum
961 2456 994 2520 in
1023 2458 1084 2522 sii·

153 2577 163 2590 f
240 2562 305 2628 qua
326 2543 544 2631 propositione
565 2546 657 2610 sliam
678 2543 867 2610 incidentem
889 2545 1083 2626 invenimus,

243 2631 437 2718 perpendere
451 2651 601 2719 oportet,
626 2655 667 2697 an
682 2634 719 2696 sit
731 2631 979 2698 demonstrativa
995 2634 1083 2699 sub-

241 2721 313 2785 iecti
337 2721 566 2811 propositionis
586 2720 749 2807 primariae
767 2766 777 2799 ‚
809 2743 848 2786 an
864 2741 946 2788 vero
961 2723 1001 2786 sit
1016 2743 1083 2787 ex-

245 2807 402 2896 plicatira.
435 2807 472 2874 In
495 2810 591 2898 priori
613 2829 690 2874 casu
716 2806 897 2899 propositio
925 2826 971 2874 est
1000 2806 1082 2875 sitn-

242 2896 343 2986 plex,
364 2897 394 2964 io
407 2898 575 2987 posteriori
588 2899 777 2989 composita.
808 2897 926 2969 Varias
939 2895 1083 2968 iudicio-
