2258 3428
240 129 325 178 unns
345 127 372 175 ι.
393 125 553 175 moerores.
571 125 646 174 cat.
667 127 736 172 ιιι.
827 129 887 191 tet

45 202 186 290 quidem
214 202 260 268 tei
281 199 447 265 notionem
474 199 524 262 vel
546 198 689 276 nullam,
715 195 765 262 vel
782 197 891 265 saltem

46 285 218 356 obscuram
249 290 429 366 habenus3
457 287 518 352 erit
542 306 673 373 quoque
696 284 890 353 vocabulum

47 379 82 456 in
111 377 167 445 hoc
192 379 298 444 altero
324 398 400 442 casu
427 395 557 462 prorsus
584 376 684 440 inane.
709 374 836 440 Etenim
863 378 887 442 si

50 467 241 534 vocabulum
257 512 267 544 ‚
283 467 336 530 cui
363 463 492 554 propria
517 464 671 548 quaedam
702 464 887 555 significatio

53 557 202 644 competit
215 601 225 634 ,
242 555 333 622 alteri
349 558 391 620 rei
404 551 630 642 significandae
642 573 805 638 praeterea
818 555 888 621 det·

56 645 164 712 tinatut
181 666 267 724 ‚sua
282 643 437 731 spoliatur
459 643 587 706 notione
604 687 614 721 ,
629 663 711 728 quae
725 645 888 731 propriam

49 738 86 808 rei
111 734 378 823 significationem
403 731 603 808 constituit,
633 732 677 796 ita
702 748 739 796 ut
765 732 889 821 signiti-

47 826 171 890 catione
197 821 287 888 omni
314 843 450 886 vacuum
478 817 596 884 censeri
622 817 744 884 debeat.

84 911 154 977 IX.
204 911 255 974 Ex
270 908 532 998 praecedentibus
553 907 657 994 colligi
672 927 804 994 possunt
829 912 889 978 tria

47 1003 217 1087 potissima
240 1000 284 1064 de
299 999 530 1064 vocabulorum
550 996 780 1084 significatione
794 1017 891 1082 prae-

47 1107 159 1176 cepta.
197 1108 227 1150 1.
255 1087 349 1156 Varii
378 1087 598 1152 considerandi
621 1104 694 1150 sunt
716 1108 830 1164 casus,
858 1089 890 1156 in

48 1177 171 1262 quibus
192 1197 271 1242 voce
301 1177 408 1264 aliqua
430 1177 558 1240 utimur.
583 1194 628 1238 ιι.
659 1175 890 1261 Quaecumque

49 1266 81 1330 in
111 1288 147 1332 re
165 1269 233 1352 ipsa
250 1264 397 1354 distingui
411 1283 540 1350 possunt
562 1307 571 1338 ,
593 1263 704 1328 sedulo
725 1286 796 1330 sunt
820 1267 891 1332 dis-

49 1347 235 1444 tinguenda.
264 1373 327 1418 ιιι.
352 1353 529 1442 Diligenter
544 1352 798 1432 observandum,
820 1358 892 1442 qui-

51 1441 109 1507 bus
130 1445 172 1510 de
198 1443 302 1509 causis
327 1463 407 1508 voce
434 1444 486 1506 illa
511 1443 542 1504 in
568 1443 644 1505 dato
665 1464 738 1505 casu
761 1447 894 1525 utimur,
940 1491 942 1500 ,

54 1550 153 1618 atque
174 1547 267 1598 casus
289 1532 340 1598 aiii
353 1533 385 1594 in
401 1529 582 1598 memoriam
606 1533 745 1594 revocari
760 1530 892 1611 debent,

59 1622 266 1686 examinando
286 1621 429 1698 scilicet,
451 1638 558 1684 utrum
587 1639 651 1681 vox
673 1619 780 1684 eadem
804 1617 894 1684 adhi-

59 1706 170 1770 benda
198 1711 395 1786 sit,necue‚
422 1709 446 1772 si
470 1709 546 1772 haec
561 1752 570 1786 ,
584 1709 635 1772 vei
658 1706 711 1774 illa
736 1705 816 1774 absit
840 1710 892 1775 vel

67 1795 151 1858 adsit
164 1796 307 1864 conditio,
335 1797 408 1862 Hac
436 1801 556 1862 ratione
579 1797 761 1884 detegemus
789 1799 894 1888 singu-

64 1880 111 1946 ias
135 1884 269 1952 notionis
289 1904 408 1976 partes.
429 1886 514 1950 Nam
532 1886 595 1972 .qui
624 1888 785 1983 propripm
806 1891 893 1955 vocis

60 1974 315 2060 significationem
338 1976 495 2040 communi
515 1975 667 2060 ¹loquendi
692 1999 750 2041 usu
777 1999 895 2066 recep-

58 2079 126 2127 tam
152 2067 299 2149 quaerit,
326 2063 351 2128 is
376 2065 534 2130 notionem
559 2065 748 2152 investigate
773 2065 896 2147 nititur,

57 2171 124 2234 qua
146 2155 216 2240 ipsa
240 2169 494 2242 repraesentatur
510 2198 519 2228 ,
535 2152 669 2236 ideoque
693 2171 782 2217 notas
798 2175 898 2241 quae-

54 2261 128 2310 tere
155 2241 278 2319 debet,
307 2264 389 2328 quae
410 2241 441 2306 in
469 2240 600 2305 notione
615 2241 666 2305 itta
683 2243 900 2325 continentur,

56 2351 115 2412 per
153 2352 231 2417 quas
264 2351 314 2397 tes
342 2329 548 2419 agnoscitur,
579 2347 611 2395 et
636 2329 677 2394 ab
707 2331 765 2395 alia
796 2333 899 2415 quali-

56 2417 115 2484 bet
144 2419 357 2508 distinguitut.
384 2417 600 2497 Quamobrem
615 2439 712 2506 quum
735 2438 826 2484 notas
844 2421 901 2486 de·

57 2507 231 2574 sumendas
257 2527 327 2574 esse
355 2507 602 2572 demonstratum
634 2510 672 2573 sit
698 2529 737 2577 err
763 2509 900 2597 attribu-

57 2597 99 2658 tis
125 2596 372 2674 essentiaiibus3
398 2598 424 2662 si
448 2594 551 2660 absint
581 2613 674 2662 notae
687 2646 699 2676 ,
724 2601 784 2663 iam
809 2600 900 2666 deest

56 2687 174 2762 ratio,
197 2707 251 2750 cut
277 2685 337 2754 hac
360 2706 440 2750 voce
466 2702 603 2754 utamur.
629 2685 728 2772 igitur
745 2688 901 2778 detegen.

57 2774 119 2838 dae
149 2791 223 2838 sunt
246 2793 367 2848 notae,
387 2774 614 2862 perpendendo
631 2776 747 2841 scilicet
770 2777 801 2840 in
825 2780 904 2866 qui-

58 2862 119 2928 bus
135 2861 268 2935 casibus¹
288 2883 369 2928 voce
383 2862 491 2950 aiiqua
504 2881 644 2929 utamur.
659 2860 710 2932 V.
727 2887 759 2953 g.
786 2867 810 2930 si
833 2867 904 2953 quis
