2264 3420
234 135 322 183 ιιιιι
348 134 378 180 ιι
408 133 568 182 uersuta.
595 135 673 194 nau.
700 133 758 182 ιιι.
899 139 960 210 ¹03

35 203 176 273 actibus
206 205 380 271 voluntatis
410 204 611 294 distinguitur
639 203 769 272 libertas
786 249 798 286 ‚
815 203 963 276 nimitum

42 281 197 363 libertas
224 319 246 360 a
274 295 469 360 necessitate
498 309 644 382 coeterna
669 293 734 360 sire
751 299 963 378 acoactione‚

45 401 83 450 et
112 380 241 450 libertas
272 405 290 448 a
320 383 499 448 necesitate
532 385 664 448 interna
706 383 771 448 sire
798 383 966 454 naturali.

46 469 159 536 Prima
175 515 185 550 ,
200 492 283 556 quae
312 473 406 538 etiarn
422 475 650 558 spontaneitas
679 469 798 538 dicitur
815 517 825 550 ‚
840 493 964 542 omnem

50 562 122 626 vim
138 575 312 626 externam
330 555 393 639 ,id
416 573 465 625 est
486 560 546 636 ,ab
560 575 696 626 externo
707 565 870 648 principio
883 585 964 628 con·
1040 625 1044 636 ,

49 662 114 712 era
143 645 328 716 volontatis
352 649 596 740 propensionem
637 645 772 714 illatam
810 666 962 717 removet.

48 733 129 818 Hac
158 736 306 806 libertate
329 734 449 801 bonum
479 734 648 824 generatim
666 757 807 802 amamus
821 782 833 816 ,
847 755 963 804 etma-

48 823 122 904 lum
152 826 326 914 generatim
353 823 479 890 odimus
498 823 581 903 ,bac
597 824 744 890 libertate
758 823 841 890 beati
857 827 963 904 Deum

50 936 165 992 amate
192 913 365 994 dicuntur,
383 916 457 1002 quia
482 914 571 978 nulio
596 929 732 999 cogente
746 917 800 978 sed
816 914 963 981 libentis-

52 1004 136 1066 sime
162 1001 237 1068 Deo
252 1023 309 1090 pet
337 1023 475 1069 amorem
487 1000 729 1068 adhaerescunt.
748 1000 796 1066 Ex
814 1025 880 1088 quo
897 1026 962 1092 pa-¹
1008 1061 1011 1071 ‚

55 1106 111 1162 tet
128 1134 139 1168 ,
155 1089 284 1156 liberum
311 1110 328 1153 a
350 1092 517 1158 coactione
546 1090 628 1156 idem
656 1110 721 1160 etse
742 1110 778 1154 ac
810 1090 963 1156 voluuta-

57 1177 148 1244 riutn
169 1199 222 1244 seu
246 1178 345 1245 iibens
374 1199 428 1246 aur
453 1195 663 1271 spontaneum
677 1177 785 1263 ,quod
803 1200 915 1266 nempe
929 1181 979 1246 fit·

58 1287 82 1334 a
97 1267 262 1333 voluntate
277 1268 354 1335 citra
364 1270 571 1334 coactionem.
593 1265 739 1355 ideoque
753 1268 855 1331 omnis
870 1287 962 1336 attus

57 1354 259 1425 voluntarius
290 1373 339 1421 eet
370 1357 446 1424 iiber
474 1379 491 1422 a
507 1356 685 1432 coactione.
701 1375 741 1420 ιι.
756 1355 897 1423 Libertas
910 1358 963 1424 di-

56 1442 145 1508 citur
160 1463 178 1508 a
203 1448 399 1514 necessitate
415 1467 468 1512 seu
486 1443 612 1510 libertas
627 1441 793 1510 electionis
808 1447 839 1510 e't
856 1445 963 1528 irdi‘r

44 1529 245 1614 ferentiae,
261 1553 344 1620 quae
369 1551 401 1602 et
426 1534 561 1600 liberum
589 1531 750 1598 arbitrium
779 1548 811 1598 et
836 1531 963 1600 libertas

60 1619 247 1709 simpliciter
277 1622 391 1688 dicitur
408 1642 466 1702 3et
498 1622 575 1690 ha'ec
603 1643 729 1686 omnem
746 1619 965 1688 necessitatem

60 1724 128 1772 tam
156 1711 310 1776 internam
338 1733 394 1778 seu
423 1729 690 1799 naturae,quattt
718 1728 878 1778 externam
909 1731 963 1784 reu

60 1799 237 1880 coactionis
269 1786 422 1866 excludit.
793 1797 796 1806 '

65 1963 68 1968 Ι
116 1881 180 1950 ΙΙΙ.
226 1887 416 1954 Necessitas
459 1901 601 1956 naturae
642 1907 699 1956 sen
741 1885 965 1955 inclinationis

63 1973 233 2042 naturalis
262 1975 434 2043 definitur:
461 1975 690 2044 determinatio
709 1995 771 2042 'seu
792 1978 966 2065 propensio

60 2061 228 2154 quaedam
250 2062 439 2130 voluntaria
464 2091 486 2130 a
501 2079 625 2134 natttra
642 2063 751 2132 indita
768 2063 819 2130 ad
832 2063 969 2152 aliquid

65 2155 248 2220 necessario
263 2150 531 2243 ‘prosequendum
548 2151 817 2242 velfugiendnm.
849 2153 899 2222 V.
931 2175 965 2240 g.

59 2239 109 2322 ⁴ad
138 2239 254 2304 bonum
279 2242 449 2328 generatim
477 2241 653 2308 necessario
674 2262 737 2305 non
766 2261 804 2306 ex
828 2239 963 2307 electio*

68 2350 109 2394 ue
130 2330 319 2408 amandum,
334 2348 365 2396 et
397 2331 513 2400 malurn
533 2327 608 2394 odio
631 2327 824 2402 habentium.

111 2411 180 2485 IV.
226 2417 417 2486 Necessitas
431 2421 604 2484 coactionis
618 2439 683 2504 seu
712 2438 778 2481 uno
796 2411 893 2480 verbo
909 2434 965 2478 co-

64 2507 153 2573 actio
176 2505 291 2572 dicitur
317 2511 366 2574 ois
385 2503 501 2596 aliqua
526 2506 631 2572 alicui
656 2523 770 2574 costtrn
797 2505 966 2592 projiciam

67 2589 311 2678 inclinationem
338 2593 451 2660 illata.
479 2589 535 2666 Vt
550 2615 648 2681 quum
673 2597 742 2674 quis
770 2592 909 2660 truditur
933 2591 966 2656 itt

67 2702 223 2748 carcerem
240 2729 249 2759 ‚
266 2687 442 2769 percutitur
474 2701 537 2752 cet.
554 2683 771 2762 Quamobrem
787 2683 816 2745 in
832 2681 893 2744 hoc
909 2701 963 2744 co-

67 2769 152 2848 actio
183 2769 286 2838 differt
314 2795 330 2836 a
348 2773 531 2839 necessitate
549 2773 709 2851 naturali,
729 2770 817 2859 quod
833 2770 885 2832 ilia
898 2767 966 2832 sita

62 2856 229 2946 principio
247 2878 378 2926 externo
393 2879 505 2926 contra
521 2860 693 2926 voluntatis
717 2859 964 2932 inclinationem,

67 2947 267 3033 proindeque
294 2950 388 3012 toliat
420 2967 486 3014 tum
502 2948 717 3028 libetumtunt
743 2946 965 3012 voluntarium:

68 3033 127 3102 itta
140 3053 245 3102 autem
271 3039 307 3102 sit
320 3059 339 3102 a
352 3036 517 3104 voluntate
532 3039 625 3125 ipsa,
642 3058 679 3104 ac
693 3035 829 3124 proinde
845 3033 960 3114 voluu-
