2326 3438
235 150 300 239 258
407 193 410 208 ι
480 166 842 218 rusurrvmnttot.
958 225 959 228 Ἴ
1062 223 1070 230 ,

232 242 354 308 cienter
367 237 502 328 probare
515 239 622 328 nequit
630 285 641 316 ,
655 238 706 305 ille
717 235 815 304 instar
829 241 1073 328 praemissarum

233 331 331 396 sumit
355 333 609 417 propositiones,
636 325 676 392 de
704 325 819 412 quibus
842 331 899 416 ipsi
924 331 1074 400 nondum
1157 343 1158 346 ’

234 437 361 496 constat
376 465 386 496 ,
404 439 510 484 utrum
528 437 620 484 verae
635 417 695 480 sint
706 439 813 482 necne.
829 417 934 484 Vnde
946 436 1006 483 nec
1020 421 1075 507 ip·

180 535 183 538 ·
234 509 260 573 si
274 524 421 573 constare
436 524 566 594 potest,
591 523 695 570 utrum
710 505 873 572 conclusio
885 503 1079 576 huiusmodi
1157 505 1158 574 i

233 647 234 650 η
262 597 416 662 tremissis
435 599 541 660 innixa
565 595 639 660 vera
660 597 698 657 sit
725 615 847 670 necue3
874 614 910 658 ac
925 595 1078 696 proinde

234 620 315 749 bna
335 705 402 750 esse
420 702 538 770 potest.
566 681 641 746 Hoc
663 677 792 766 quidem
814 681 888 746 vitio
905 682 978 746 othir
999 677 1080 770 fre-7

235 775 384 860 qtientius
407 791 475 852 est,
502 791 534 865 et
553 772 624 838 ideo
641 771 765 841 errandi
781 771 921 858 periculo
934 769 1078 840 obnoxii

230 879 312 948 ¹aunt
326 861 464 951 plurimi.

473 987 754 1061 ARTICVLVS
776 989 829 1062 V.

367 1124 424 1195 De
443 1127 636 1214 praecipuis
655 1143 802 1190 errorum
815 1125 937 1191 cantis.
973 1207 974 1212 ἵ

238 1234 405 1390 Triplen¹
421 1321 487 1368 esse
503 1315 610 1389 potest
631 1297 746 1365 erroris
761 1295 844 1375 fons.
874 1297 989 1366 Omnia
1004 1296 1073 1367 sci·

234 1391 309 1458 licet
335 1388 522 1455 indiciorum
547 1409 578 1455 et
607 1386 884 1454 ratiocinationum
911 1389 989 1454 vitia
1017 1388 1072 1457 vei
1157 1393 1158 1408 ¹

236 1481 386 1568 originem
409 1477 526 1544 habent
546 1499 586 1544 ex
610 1477 794 1554 intellectu,
818 1476 869 1542 vei
890 1498 930 1542 ex
953 1478 1073 1544 voluu-

123 1581 131 1592 ”
234 1583 324 1650 tate,
353 1565 405 1634 vel
420 1568 547 1634 tandem
563 1587 602 1632 ex
623 1565 770 1631 sensibus.
799 1562 1073 1652 Quoadprimarn
1157 1605 1158 1610 κ

228 1675 360 1746 spectat
384 1659 495 1722 errotis
520 1657 696 1742 originem,
723 1675 797 1720 eant·
817 1651 970 1719 hactenus
996 1657 1076 1720 satis

234 1745 486 1822 declaravimus,
517 1761 548 1809 et
564 1763 628 1831 qua
644 1743 766 1810 ratione
780 1743 885 1808 caveri
901 1759 933 1810 et
957 1763 1073 1810 ernen-

235 1832 304 1901 dari
321 1833 422 1920 possit
439 1831 471 1896 id
493 1851 635 1898 errorum
658 1851 780 1918 genus,
809 1829 840 1894 in
859 1828 918 1894 hac
938 1832 1072 1899 univer-

224 1941 269 1984 rsa
286 1921 387 2008 logica
402 1919 581 1985 docuimus.
598 1921 748 2007 Superest
759 1939 834 2006 ergo
849 1936 883 1984 ut
897 1918 979 1984 duos
990 1919 1071 1988 alios

223 2029 379 2088 ‚errorum
394 2006 497 2074 fontes
513 2007 714 2096 detegamus,
729 2023 760 2073 et
777 2008 900 2094 regulas
916 2009 1073 2097 quasdam

236 2097 279 2164 de
308 2095 355 2160 his
368 2161 369 2166 ,
384 2095 541 2162 erroribus
567 2095 828 2184 praescribamus.
1053 2162 1055 2172 ,

221 2239 239 2250 ,Α
280 2181 310 2249 Ι.
357 2185 507 2252 Omnium
522 2183 587 2251 fere
600 2183 751 2248 vitiorum
765 2181 836 2272 sons
849 2199 896 2248 est
911 2183 1071 2253 inordina·

170 2331 171 2334 ,
232 2290 286 2341 tus
306 2295 395 2340 amor
411 2275 484 2355 sui,
508 2295 602 2360 quem
621 2273 748 2338 Graeco
771 2273 897 2338 nomine
921 2271 1087 2350 praemiet..

204 2367 205 2370 ’
228 2361 435 2453 philantiam
449 2364 552 2428 solent
566 2361 742 2448 appellate.
759 2360 823 2424 Hic
839 2382 926 2426 arnor
942 2383 1070 2448 gravem

234 2453 331 2518 menti
342 2469 468 2517 nostrate
482 2449 643 2536 caliginem
658 2447 794 2514 offundit
806 2472 816 2526 ;
829 2471 869 2515 eo
879 2452 959 2514 enim
973 2470 1072 2536 quos·
1157 2521 1158 2524 Ἴ

216 2538 306 2606 “dam
323 2540 441 2627 adigit,
463 2559 498 2603 ut
513 2537 672 2626 quidquid
687 2537 848 2624 cogitant,
871 2538 1070 2625 praeclarum
1157 2535 1158 2610 i

216 2685 218 2690 .
233 2647 267 2694 et
281 2613 401 2692 rebtutn
413 2626 626 2704 arbitrentur,
642 2625 682 2690 de
695 2626 802 2711 seipsis
815 2623 989 2706 honorifice
1000 2645 1071 2705 sett-

176 2743 177 2748 ’
233 2716 314 2782 tiaut
326 2761 337 2796 ,
350 2736 502 2782 summam
516 2714 630 2803 ingenii
649 2711 829 2781 facilitatem
845 2711 902 2777 sibi
916 2715 1069 2784 tribuant.

231 2801 317 2883 Hinc
329 2807 379 2870 vei
391 2805 452 2889 levi
466 2803 642 2870 attentione
654 2802 809 2887 nulloque
821 2801 932 2868 labore
944 2819 1071 2893 senten·

213 2972 217 2987 ί
234 2894 309 2960 tiam
319 2890 503 2994 inconsulto
515 2892 655 2982 eligunt,
671 2909 702 2961 et
713 2893 916 2982 pertinaciter
927 2909 1068 2976 tuentur.
