<?xml version="1.0" encoding="UTF-8"?>
<!DOCTYPE html PUBLIC "-//W3C//DTD XHTML 1.0 Transitional//EN"
    "http://www.w3.org/TR/xhtml1/DTD/xhtml1-transitional.dtd">
<html xmlns="http://www.w3.org/1999/xhtml" xml:lang="en" lang="en">
 <head>
  <title>
</title>
<meta http-equiv="Content-Type" content="text/html;charset=utf-8" />
  <meta name='ocr-system' content='tesseract 3.04.00' />
  <meta name='ocr-capabilities' content='ocr_page ocr_carea ocr_par ocr_line ocrx_word'/>
</head>
<body>
  <div class='ocr_page' id='page_1' title='image "./institutionesph00jacqgoog_0498.png"; bbox 0 0 2264 3420; ppageno 0'>
   <div class='ocr_carea' id='block_1_1' title="bbox 1 122 1016 2123">
    <p class='ocr_par' dir='ltr' id='par_1_1' title="bbox 245 122 931 194">
     <span class='ocr_line' id='line_1_1' title="bbox 245 122 931 194; baseline 0.003 -22"><span class='ocrx_word' id='word_1_1' title='bbox 245 125 331 173; x_wconf 72' lang='lat' dir='ltr'><em>ottus</em></span> <span class='ocrx_word' id='word_1_2' title='bbox 349 127 380 172; x_wconf 83' lang='grc' dir='ltr'><em>ιι</em></span> <span class='ocrx_word' id='word_1_3' title='bbox 398 127 557 174; x_wconf 70' lang='lat' dir='ltr'><em>urrunnu.</em></span> <span class='ocrx_word' id='word_1_4' title='bbox 573 122 652 177; x_wconf 70' lang='lat' dir='ltr'><em>uae.</em></span> <span class='ocrx_word' id='word_1_5' title='bbox 683 124 742 171; x_wconf 86' lang='lat'>111.</span> <span class='ocrx_word' id='word_1_6' title='bbox 889 123 931 194; x_wconf 82' lang='lat'><em>91</em></span> 
     </span>
    </p>

    <p class='ocr_par' dir='ltr' id='par_1_2' title="bbox 1 189 936 282">
     <span class='ocr_line' id='line_1_2' title="bbox 1 189 936 282; baseline 0 -22"><span class='ocrx_word' id='word_1_7' title='bbox 1 209 15 249; x_wconf 66' lang='lat' dir='ltr'><em>t</em></span> <span class='ocrx_word' id='word_1_8' title='bbox 43 215 109 260; x_wconf 75' lang='lat' dir='ltr'><em>sue</em></span> <span class='ocrx_word' id='word_1_9' title='bbox 131 193 209 260; x_wconf 79' lang='lat' dir='ltr'><em>duas</em></span> <span class='ocrx_word' id='word_1_10' title='bbox 230 211 338 281; x_wconf 85' lang='lat' dir='ltr'><em>partes</em></span> <span class='ocrx_word' id='word_1_11' title='bbox 362 195 476 264; x_wconf 85' lang='lat' dir='ltr'>habere</span> <span class='ocrx_word' id='word_1_12' title='bbox 500 195 732 282; x_wconf 84' lang='lat' dir='ltr'>intelliguntur,</span> <span class='ocrx_word' id='word_1_13' title='bbox 748 189 936 276; x_wconf 83' lang='lat' dir='ltr'><em>inferiorem</em></span> 
     </span>
    </p>

    <p class='ocr_par' dir='ltr' id='par_1_3' title="bbox 1 282 933 371">
     <span class='ocr_line' id='line_1_3' title="bbox 1 282 933 371; baseline -0.001 -22"><span class='ocrx_word' id='word_1_14' title='bbox 1 301 11 340; x_wconf 77' lang='lat'>2</span> <span class='ocrx_word' id='word_1_15' title='bbox 52 283 182 350; x_wconf 76' lang='lat' dir='ltr'>scilicet</span> <span class='ocrx_word' id='word_1_16' title='bbox 200 301 235 354; x_wconf 60' lang='lat' dir='ltr'><em>,et</em></span> <span class='ocrx_word' id='word_1_17' title='bbox 262 289 471 371; x_wconf 83' lang='lat' dir='ltr'><em>superiorem.</em></span> <span class='ocrx_word' id='word_1_18' title='bbox 500 283 672 350; x_wconf 84' lang='lat' dir='ltr'><em>Facultatis</em></span> <span class='ocrx_word' id='word_1_19' title='bbox 700 282 933 370; x_wconf 79' lang='lat' dir='ltr'>cognoscitivae</span> 
     </span>
    </p>

    <p class='ocr_par' dir='ltr' id='par_1_4' title="bbox 1 369 938 462">
     <span class='ocr_line' id='line_1_4' title="bbox 1 369 938 462; baseline -0.002 -24"><span class='ocrx_word' id='word_1_20' title='bbox 1 389 12 428; x_wconf 93' lang='grc'><em>-·</em></span> <span class='ocrx_word' id='word_1_21' title='bbox 46 393 55 404; x_wconf 93' lang='grc'><strong><em>·</em></strong></span> <span class='ocrx_word' id='word_1_22' title='bbox 86 394 144 438; x_wconf 85' lang='lat' dir='ltr'><em>ars</em></span> <span class='ocrx_word' id='word_1_23' title='bbox 156 370 288 452; x_wconf 82' lang='lat' dir='ltr'><em>inferior</em></span> <span class='ocrx_word' id='word_1_24' title='bbox 305 373 421 438; x_wconf 84' lang='lat' dir='ltr'>dicitur</span> <span class='ocrx_word' id='word_1_25' title='bbox 436 373 504 438; x_wconf 79' lang='lat' dir='ltr'><em>itta:</em></span> <span class='ocrx_word' id='word_1_26' title='bbox 528 393 596 462; x_wconf 88' lang='lat' dir='ltr'><em>qua</em></span> <span class='ocrx_word' id='word_1_27' title='bbox 611 394 719 438; x_wconf 82' lang='lat' dir='ltr'><em>rerum</em></span> <span class='ocrx_word' id='word_1_28' title='bbox 734 369 938 438; x_wconf 80' lang='lat' dir='ltr'><em>sensibilium</em></span> 
     </span>
    </p>

    <p class='ocr_par' dir='ltr' id='par_1_5' title="bbox 48 392 941 637">
     <span class='ocr_line' id='line_1_5' title="bbox 48 392 939 549; baseline 0 -23"><span class='ocrx_word' id='word_1_29' title='bbox 48 392 203 526; x_wconf 48' lang='lat' dir='ltr'><em>{oriones</em></span> <span class='ocrx_word' id='word_1_30' title='bbox 216 461 373 528; x_wconf 88' lang='lat' dir='ltr'><em>obscuras</em></span> <span class='ocrx_word' id='word_1_31' title='bbox 389 476 421 526; x_wconf 83' lang='lat' dir='ltr'><em>et</em></span> <span class='ocrx_word' id='word_1_32' title='bbox 437 459 607 544; x_wconf 81' lang='lat' dir='ltr'><em>consutas,</em></span> <span class='ocrx_word' id='word_1_33' title='bbox 630 459 685 526; x_wconf 85' lang='lat' dir='ltr'><em>lroc</em></span> <span class='ocrx_word' id='word_1_34' title='bbox 702 475 771 538; x_wconf 85' lang='lat' dir='ltr'><em>est,</em></span> <span class='ocrx_word' id='word_1_35' title='bbox 784 481 847 549; x_wconf 81' lang='lat' dir='ltr'><em>per·</em></span> <span class='ocrx_word' id='word_1_36' title='bbox 861 481 939 526; x_wconf 84' lang='lat' dir='ltr'><em>seu-</em></span> 
     </span>
     <span class='ocr_line' id='line_1_6' title="bbox 58 548 941 637; baseline 0.003 -24"><span class='ocrx_word' id='word_1_37' title='bbox 58 569 121 614; x_wconf 89' lang='lat' dir='ltr'><em>sus</em></span> <span class='ocrx_word' id='word_1_38' title='bbox 136 563 262 613; x_wconf 86' lang='lat' dir='ltr'><em>tantum</em></span> <span class='ocrx_word' id='word_1_39' title='bbox 278 548 498 637; x_wconf 80' lang='lat' dir='ltr'><em>adquirimus.</em></span> <span class='ocrx_word' id='word_1_40' title='bbox 517 549 568 614; x_wconf 88' lang='lat' dir='ltr'><em>De</em></span> <span class='ocrx_word' id='word_1_41' title='bbox 588 548 648 614; x_wconf 80' lang='lat' dir='ltr'><em>hac</em></span> <span class='ocrx_word' id='word_1_42' title='bbox 670 550 770 636; x_wconf 84' lang='lat' dir='ltr'><em>prima</em></span> <span class='ocrx_word' id='word_1_43' title='bbox 795 566 884 635; x_wconf 88' lang='lat' dir='ltr'>parte</span> <span class='ocrx_word' id='word_1_44' title='bbox 909 549 941 616; x_wconf 84' lang='lat' dir='ltr'><em>in</em></span> 
     </span>
    </p>

    <p class='ocr_par' dir='ltr' id='par_1_6' title="bbox 1 635 940 725">
     <span class='ocr_line' id='line_1_7' title="bbox 1 635 940 725; baseline 0 -25"><span class='ocrx_word' id='word_1_45' title='bbox 1 677 5 684; x_wconf 93' lang='lat'>-</span> <span class='ocrx_word' id='word_1_46' title='bbox 57 635 331 725; x_wconf 80' lang='lat' dir='ltr'>praecedentibus</span> <span class='ocrx_word' id='word_1_47' title='bbox 345 637 481 702; x_wconf 76' lang='lat' dir='ltr'>articulis</span> <span class='ocrx_word' id='word_1_48' title='bbox 495 658 671 704; x_wconf 88' lang='lat' dir='ltr'><em>sermonem</em></span> <span class='ocrx_word' id='word_1_49' title='bbox 684 636 861 716; x_wconf 83' lang='lat' dir='ltr'><em>habuimus,</em></span> <span class='ocrx_word' id='word_1_50' title='bbox 874 657 940 703; x_wconf 88' lang='lat' dir='ltr'><em>sen·</em></span> 
     </span>
    </p>

    <p class='ocr_par' dir='ltr' id='par_1_7' title="bbox 1 723 939 814">
     <span class='ocr_line' id='line_1_8' title="bbox 1 723 939 814; baseline -0.002 -24"><span class='ocrx_word' id='word_1_51' title='bbox 1 785 5 790; x_wconf 18' lang='grc' dir='ltr'><em>Α</em></span> <span class='ocrx_word' id='word_1_52' title='bbox 56 723 220 790; x_wconf 83' lang='lat' dir='ltr'><em>sationum</em></span> <span class='ocrx_word' id='word_1_53' title='bbox 233 725 409 792; x_wconf 85' lang='lat' dir='ltr'>doctrinam</span> <span class='ocrx_word' id='word_1_54' title='bbox 418 727 649 812; x_wconf 80' lang='lat' dir='ltr'>explicantes.F</span> <span class='ocrx_word' id='word_1_55' title='bbox 653 726 794 792; x_wconf 84' lang='lat' dir='ltr'><em>acuitatis</em></span> <span class='ocrx_word' id='word_1_56' title='bbox 808 742 939 814; x_wconf 82' lang='lat' dir='ltr'>cognos-</span> 
     </span>
    </p>

    <p class='ocr_par' dir='ltr' id='par_1_8' title="bbox 1 813 940 902">
     <span class='ocr_line' id='line_1_9' title="bbox 1 813 940 902; baseline 0.002 -24"><span class='ocrx_word' id='word_1_57' title='bbox 1 857 14 876; x_wconf 53' lang='lat'><em>2</em></span> <span class='ocrx_word' id='word_1_58' title='bbox 57 813 175 878; x_wconf 85' lang='lat' dir='ltr'>citivae</span> <span class='ocrx_word' id='word_1_59' title='bbox 186 835 270 902; x_wconf 82' lang='lat' dir='ltr'><em>pars</em></span> <span class='ocrx_word' id='word_1_60' title='bbox 284 818 431 900; x_wconf 82' lang='lat' dir='ltr'><em>superior</em></span> <span class='ocrx_word' id='word_1_61' title='bbox 447 831 602 879; x_wconf 76' lang='lat' dir='ltr'><em>vocatur:</em></span> <span class='ocrx_word' id='word_1_62' title='bbox 626 836 692 902; x_wconf 87' lang='lat' dir='ltr'><em>qua</em></span> <span class='ocrx_word' id='word_1_63' title='bbox 709 819 848 878; x_wconf 86' lang='lat' dir='ltr'><em>notiones</em></span> <span class='ocrx_word' id='word_1_64' title='bbox 864 813 940 880; x_wconf 86' lang='lat' dir='ltr'><em>dis-</em></span> 
     </span>
    </p>

    <p class='ocr_par' dir='ltr' id='par_1_9' title="bbox 2 901 942 991">
     <span class='ocr_line' id='line_1_10' title="bbox 2 901 942 991; baseline 0 -23"><span class='ocrx_word' id='word_1_65' title='bbox 2 935 6 940; x_wconf 84' lang='lat'><em>-</em></span> <span class='ocrx_word' id='word_1_66' title='bbox 56 905 188 968; x_wconf 87' lang='lat' dir='ltr'><em>tinctas</em></span> <span class='ocrx_word' id='word_1_67' title='bbox 207 901 435 991; x_wconf 77' lang='lat' dir='ltr'><em>adquirimus,</em></span> <span class='ocrx_word' id='word_1_68' title='bbox 453 919 485 968; x_wconf 86' lang='lat' dir='ltr'><em>et</em></span> <span class='ocrx_word' id='word_1_69' title='bbox 501 904 544 970; x_wconf 85' lang='lat' dir='ltr'><em>ab</em></span> <span class='ocrx_word' id='word_1_70' title='bbox 558 903 848 990; x_wconf 79' lang='lat' dir='ltr'><em>imaginationibus</em></span> <span class='ocrx_word' id='word_1_71' title='bbox 870 923 942 968; x_wconf 86' lang='lat' dir='ltr'>cor-</span> 
     </span>
    </p>

    <p class='ocr_par' dir='ltr' id='par_1_10' title="bbox 1 988 998 1078">
     <span class='ocr_line' id='line_1_11' title="bbox 1 988 998 1078; baseline -0.007 -17"><span class='ocrx_word' id='word_1_72' title='bbox 1 1027 11 1061; x_wconf 62' lang='lat' dir='ltr'>t</span> <span class='ocrx_word' id='word_1_73' title='bbox 52 993 175 1078; x_wconf 76' lang='lat' dir='ltr'><em>porris.</em></span> <span class='ocrx_word' id='word_1_74' title='bbox 186 1011 389 1076; x_wconf 81' lang='lat' dir='ltr'><em>separamus.</em></span> <span class='ocrx_word' id='word_1_75' title='bbox 404 991 495 1056; x_wconf 85' lang='lat' dir='ltr'><em>Haec</em></span> <span class='ocrx_word' id='word_1_76' title='bbox 512 988 700 1056; x_wconf 81' lang='lat' dir='ltr'><em>intellectus</em></span> <span class='ocrx_word' id='word_1_77' title='bbox 714 993 840 1075; x_wconf 82' lang='lat' dir='ltr'>proprie</span> <span class='ocrx_word' id='word_1_78' title='bbox 856 990 941 1056; x_wconf 84' lang='lat' dir='ltr'>dici-</span> <span class='ocrx_word' id='word_1_79' title='bbox 995 1021 998 1028; x_wconf 91' lang='lat'>·</span> 
     </span>
    </p>

    <p class='ocr_par' dir='ltr' id='par_1_11' title="bbox 1 1077 942 1166">
     <span class='ocr_line' id='line_1_12' title="bbox 1 1077 942 1166; baseline -0.006 -19"><span class='ocrx_word' id='word_1_80' title='bbox 1 1110 6 1147; x_wconf 73' lang='grc' dir='ltr'><strong>τ</strong></span> <span class='ocrx_word' id='word_1_81' title='bbox 63 1097 134 1142; x_wconf 86' lang='lat' dir='ltr'><em>tut.</em></span> <span class='ocrx_word' id='word_1_82' title='bbox 149 1079 174 1142; x_wconf 85' lang='lat' dir='ltr'>F</span> <span class='ocrx_word' id='word_1_83' title='bbox 177 1077 321 1142; x_wconf 83' lang='lat' dir='ltr'><em>acuitatis</em></span> <span class='ocrx_word' id='word_1_84' title='bbox 339 1079 532 1166; x_wconf 85' lang='lat' dir='ltr'><em>appetitivae</em></span> <span class='ocrx_word' id='word_1_85' title='bbox 545 1079 628 1144; x_wconf 86' lang='lat' dir='ltr'><em>duae</em></span> <span class='ocrx_word' id='word_1_86' title='bbox 643 1077 736 1144; x_wconf 85' lang='lat' dir='ltr'><em>etiam</em></span> <span class='ocrx_word' id='word_1_87' title='bbox 753 1094 856 1164; x_wconf 83' lang='lat' dir='ltr'><em>partes</em></span> <span class='ocrx_word' id='word_1_88' title='bbox 873 1081 942 1144; x_wconf 86' lang='lat' dir='ltr'>dis-</span> 
     </span>
    </p>

    <p class='ocr_par' dir='ltr' id='par_1_12' title="bbox 1 1165 943 1254">
     <span class='ocr_line' id='line_1_13' title="bbox 1 1165 943 1254; baseline 0.002 -26"><span class='ocrx_word' id='word_1_89' title='bbox 1 1202 6 1237; x_wconf 86' lang='lat'><em>.·</em></span> <span class='ocrx_word' id='word_1_90' title='bbox 65 1166 273 1254; x_wconf 86' lang='lat' dir='ltr'><em>tinguuntur,</em></span> <span class='ocrx_word' id='word_1_91' title='bbox 298 1165 442 1232; x_wconf 89' lang='lat' dir='ltr'><em>nimirum</em></span> <span class='ocrx_word' id='word_1_92' title='bbox 457 1165 594 1250; x_wconf 83' lang='lat' dir='ltr'>inferior</span> <span class='ocrx_word' id='word_1_93' title='bbox 610 1187 663 1232; x_wconf 89' lang='lat' dir='ltr'><em>seu</em></span> <span class='ocrx_word' id='word_1_94' title='bbox 679 1169 849 1254; x_wconf 87' lang='lat' dir='ltr'><em>appetitus</em></span> <span class='ocrx_word' id='word_1_95' title='bbox 861 1189 943 1241; x_wconf 73' lang='lat' dir='ltr'><em>¹seu-</em></span> 
     </span>
    </p>

    <p class='ocr_par' dir='ltr' id='par_1_13' title="bbox 1 1253 1016 2123">
     <span class='ocr_line' id='line_1_14' title="bbox 1 1253 1016 1344; baseline -0.005 -22"><span class='ocrx_word' id='word_1_96' title='bbox 1 1292 4 1324; x_wconf 77' lang='grc'>;</span> <span class='ocrx_word' id='word_1_97' title='bbox 64 1255 184 1322; x_wconf 73' lang='lat' dir='ltr'><em>sititur</em></span> <span class='ocrx_word' id='word_1_98' title='bbox 213 1272 244 1320; x_wconf 89' lang='lat' dir='ltr'><em>et</em></span> <span class='ocrx_word' id='word_1_99' title='bbox 278 1259 424 1342; x_wconf 82' lang='lat' dir='ltr'><em>superior</em></span> <span class='ocrx_word' id='word_1_100' title='bbox 456 1275 512 1322; x_wconf 84' lang='lat' dir='ltr'><em>teu</em></span> <span class='ocrx_word' id='word_1_101' title='bbox 547 1259 733 1344; x_wconf 73' lang='lat' dir='ltr'><em>appetitus,</em></span> <span class='ocrx_word' id='word_1_102' title='bbox 751 1253 940 1322; x_wconf 84' lang='lat' dir='ltr'><em>rationalis.</em></span> <span class='ocrx_word' id='word_1_103' title='bbox 1010 1278 1016 1291; x_wconf 89' lang='lat'><em>·</em></span> 
     </span>
     <span class='ocr_line' id='line_1_15' title="bbox 63 1340 944 1432; baseline 0.002 -26"><span class='ocrx_word' id='word_1_104' title='bbox 63 1341 159 1406; x_wconf 86' lang='lat' dir='ltr'><strong>Prior</strong></span> <span class='ocrx_word' id='word_1_105' title='bbox 176 1360 240 1409; x_wconf 80' lang='lat' dir='ltr'><em>est:</em></span> <span class='ocrx_word' id='word_1_106' title='bbox 255 1340 414 1422; x_wconf 84' lang='lat' dir='ltr'><em>facultas</em></span> <span class='ocrx_word' id='word_1_107' title='bbox 435 1345 560 1410; x_wconf 85' lang='lat' dir='ltr'><em>obiecta</em></span> <span class='ocrx_word' id='word_1_108' title='bbox 581 1341 762 1432; x_wconf 79' lang='lat' dir='ltr'><em>appetendi</em></span> <span class='ocrx_word' id='word_1_109' title='bbox 779 1341 832 1408; x_wconf 83' lang='lat' dir='ltr'><em>vel</em></span> <span class='ocrx_word' id='word_1_110' title='bbox 849 1366 944 1410; x_wconf 85' lang='lat' dir='ltr'><em>auer-</em></span> 
     </span>
     <span class='ocr_line' id='line_1_16' title="bbox 64 1429 943 1519; baseline -0.001 -24"><span class='ocrx_word' id='word_1_111' title='bbox 64 1429 168 1495; x_wconf 83' lang='lat' dir='ltr'><em>sandi</em></span> <span class='ocrx_word' id='word_1_112' title='bbox 189 1453 232 1496; x_wconf 78' lang='lat' dir='ltr'><em>eu</em></span> <span class='ocrx_word' id='word_1_113' title='bbox 255 1434 380 1496; x_wconf 82' lang='lat' dir='ltr'>notione</span> <span class='ocrx_word' id='word_1_114' title='bbox 402 1433 478 1496; x_wconf 82' lang='lat' dir='ltr'>botri</span> <span class='ocrx_word' id='word_1_115' title='bbox 492 1429 544 1496; x_wconf 85' lang='lat' dir='ltr'><em>vel</em></span> <span class='ocrx_word' id='word_1_116' title='bbox 559 1431 643 1498; x_wconf 85' lang='lat' dir='ltr'><em>maii</em></span> <span class='ocrx_word' id='word_1_117' title='bbox 656 1429 790 1512; x_wconf 84' lang='lat' dir='ltr'><em>confusa</em></span> <span class='ocrx_word' id='word_1_118' title='bbox 805 1454 860 1498; x_wconf 86' lang='lat' dir='ltr'><em>seu</em></span> <span class='ocrx_word' id='word_1_119' title='bbox 879 1452 943 1519; x_wconf 76' lang='lat' dir='ltr'><em>per</em></span> 
     </span>
     <span class='ocr_line' id='line_1_17' title="bbox 66 1513 945 1606; baseline 0.001 -23"><span class='ocrx_word' id='word_1_120' title='bbox 66 1540 187 1583; x_wconf 85' lang='lat' dir='ltr'><em>seusus</em></span> <span class='ocrx_word' id='word_1_121' title='bbox 213 1516 398 1606; x_wconf 83' lang='lat' dir='ltr'><em>adquisita.</em></span> <span class='ocrx_word' id='word_1_122' title='bbox 425 1521 535 1606; x_wconf 83' lang='lat' dir='ltr'>Atque</span> <span class='ocrx_word' id='word_1_123' title='bbox 559 1518 630 1602; x_wconf 80' lang='lat' dir='ltr'>hinc</span> <span class='ocrx_word' id='word_1_124' title='bbox 651 1513 828 1584; x_wconf 81' lang='lat' dir='ltr'><em>&#39;nascuntur</em></span> <span class='ocrx_word' id='word_1_125' title='bbox 852 1521 945 1592; x_wconf 87' lang='lat' dir='ltr'><em>animi</em></span> 
     </span>
     <span class='ocr_line' id='line_1_18' title="bbox 66 1604 943 1693; baseline -0.001 -22"><span class='ocrx_word' id='word_1_126' title='bbox 66 1604 233 1685; x_wconf 84' lang='lat' dir='ltr'><em>adfectus,</em></span> <span class='ocrx_word' id='word_1_127' title='bbox 255 1629 292 1670; x_wconf 88' lang='lat' dir='ltr'><em>ac</em></span> <span class='ocrx_word' id='word_1_128' title='bbox 308 1606 440 1692; x_wconf 83' lang='lat' dir='ltr'>proinde</span> <span class='ocrx_word' id='word_1_129' title='bbox 457 1606 534 1672; x_wconf 84' lang='lat' dir='ltr'><em>haec</em></span> <span class='ocrx_word' id='word_1_130' title='bbox 551 1607 649 1693; x_wconf 86' lang='lat' dir='ltr'><em>prima</em></span> <span class='ocrx_word' id='word_1_131' title='bbox 662 1628 733 1692; x_wconf 86' lang='lat' dir='ltr'><em>pars</em></span> <span class='ocrx_word' id='word_1_132' title='bbox 748 1606 789 1672; x_wconf 78' lang='lat' dir='ltr'><em>ad</em></span> <span class='ocrx_word' id='word_1_133' title='bbox 802 1604 943 1671; x_wconf 82' lang='lat' dir='ltr'><em>ethicam</em></span> 
     </span>
     <span class='ocr_line' id='line_1_19' title="bbox 66 1691 942 1782; baseline 0.001 -24"><span class='ocrx_word' id='word_1_134' title='bbox 66 1696 196 1782; x_wconf 83' lang='lat' dir='ltr'><em>proprie</em></span> <span class='ocrx_word' id='word_1_135' title='bbox 218 1696 366 1778; x_wconf 86' lang='lat' dir='ltr'>pertinet.</span> <span class='ocrx_word' id='word_1_136' title='bbox 391 1695 549 1760; x_wconf 83' lang='lat' dir='ltr'><em>Posterior</em></span> <span class='ocrx_word' id='word_1_137' title='bbox 573 1712 640 1762; x_wconf 75' lang='lat' dir='ltr'><em>este</em></span> <span class='ocrx_word' id='word_1_138' title='bbox 656 1691 814 1775; x_wconf 82' lang='lat' dir='ltr'><em>facultas</em></span> <span class='ocrx_word' id='word_1_139' title='bbox 835 1715 879 1776; x_wconf 84' lang='lat' dir='ltr'><em>ap</em></span> <span class='ocrx_word' id='word_1_140' title='bbox 904 1718 942 1759; x_wconf 86' lang='lat' dir='ltr'><em>e·</em></span> 
     </span>
     <span class='ocr_line' id='line_1_20' title="bbox 72 1715 943 1869; baseline 0.001 -22"><span class='ocrx_word' id='word_1_141' title='bbox 72 1781 163 1848; x_wconf 86' lang='lat' dir='ltr'><em>teudi</em></span> <span class='ocrx_word' id='word_1_142' title='bbox 180 1779 234 1846; x_wconf 83' lang='lat' dir='ltr'><em>vel</em></span> <span class='ocrx_word' id='word_1_143' title='bbox 255 1781 435 1848; x_wconf 84' lang='lat' dir='ltr'><em>aversandi</em></span> <span class='ocrx_word' id='word_1_144' title='bbox 448 1785 594 1861; x_wconf 82' lang='lat' dir='ltr'><em>obiecta,</em></span> <span class='ocrx_word' id='word_1_145' title='bbox 618 1799 715 1869; x_wconf 83' lang='lat' dir='ltr'>prout</span> <span class='ocrx_word' id='word_1_146' title='bbox 730 1784 772 1848; x_wconf 88' lang='lat' dir='ltr'><em>ab</em></span> <span class='ocrx_word' id='word_1_147' title='bbox 789 1715 943 1848; x_wconf 55' lang='lat' dir='ltr'><em>tnretsic-</em></span> 
     </span>
     <span class='ocr_line' id='line_1_21' title="bbox 72 1869 944 1959; baseline -0.002 -25"><span class='ocrx_word' id='word_1_148' title='bbox 72 1885 110 1942; x_wconf 84' lang='lat' dir='ltr'><em>tu</em></span> <span class='ocrx_word' id='word_1_149' title='bbox 133 1873 394 1956; x_wconf 78' lang='lat' dir='ltr'><em>propositarum</em></span> <span class='ocrx_word' id='word_1_150' title='bbox 416 1886 584 1959; x_wconf 85' lang='lat' dir='ltr'><em>tamquam</em></span> <span class='ocrx_word' id='word_1_151' title='bbox 600 1873 682 1936; x_wconf 82' lang='lat' dir='ltr'><em>bona</em></span> <span class='ocrx_word' id='word_1_152' title='bbox 703 1870 756 1936; x_wconf 84' lang='lat' dir='ltr'><em>uel</em></span> <span class='ocrx_word' id='word_1_153' title='bbox 777 1869 890 1946; x_wconf 84' lang='lat' dir='ltr'><em>mala,</em></span> <span class='ocrx_word' id='word_1_154' title='bbox 910 1886 944 1936; x_wconf 87' lang='lat' dir='ltr'><em>et</em></span> 
     </span>
     <span class='ocr_line' id='line_1_22' title="bbox 71 1955 990 2047; baseline 0 -23"><span class='ocrx_word' id='word_1_155' title='bbox 71 1956 223 2024; x_wconf 82' lang='lat' dir='ltr'><em>voluutas</em></span> <span class='ocrx_word' id='word_1_156' title='bbox 238 1958 367 2043; x_wconf 82' lang='lat' dir='ltr'>proprie</span> <span class='ocrx_word' id='word_1_157' title='bbox 380 1961 571 2042; x_wconf 80' lang='lat' dir='ltr'><em>appellatur.</em></span> <span class='ocrx_word' id='word_1_158' title='bbox 586 1955 896 2047; x_wconf 83' lang='lat' dir='ltr'>Itaqueintelligendi</span> <span class='ocrx_word' id='word_1_159' title='bbox 912 1976 944 2024; x_wconf 85' lang='lat' dir='ltr'><em>et</em></span> <span class='ocrx_word' id='word_1_160' title='bbox 987 1983 990 1992; x_wconf 89' lang='lat'>·</span> 
     </span>
     <span class='ocr_line' id='line_1_23' title="bbox 70 2043 940 2123; baseline 0 -11"><span class='ocrx_word' id='word_1_161' title='bbox 70 2046 199 2114; x_wconf 79' lang='lat' dir='ltr'>uolendi</span> <span class='ocrx_word' id='word_1_162' title='bbox 213 2043 380 2123; x_wconf 72' lang='lat' dir='ltr'><em>fatuitates</em></span> <span class='ocrx_word' id='word_1_163' title='bbox 397 2046 560 2115; x_wconf 83' lang='lat' dir='ltr'><em>dumtaxat</em></span> <span class='ocrx_word' id='word_1_164' title='bbox 574 2045 643 2114; x_wconf 87' lang='lat' dir='ltr'>heio</span> <span class='ocrx_word' id='word_1_165' title='bbox 663 2046 940 2116; x_wconf 80' lang='lat' dir='ltr'><em>considerabimus.</em></span> 
     </span>
    </p>
   </div>
   <div class='ocr_carea' id='block_1_2' title="bbox 347 2185 675 2294">
    <p class='ocr_par' dir='ltr' id='par_1_14' title="bbox 347 2185 760 2294">
     <span class='ocr_line' id='line_1_24' title="bbox 347 2185 675 2294; baseline -0.002 -6"><span class='ocrx_word' id='word_1_166' title='bbox 347 2185 675 2294; x_wconf 71' lang='lat' dir='ltr'><em>tuttotrtvst</em></span> 
     </span>
    </p>
   </div>
   <div class='ocr_carea' id='block_1_3' title="bbox 70 2393 988 2576">
    <p class='ocr_par' dir='ltr' id='par_1_15' title="bbox 70 2393 988 2576">
     <span class='ocr_line' id='line_1_25' title="bbox 70 2393 988 2485; baseline -0.005 -16"><span class='ocrx_word' id='word_1_167' title='bbox 70 2397 130 2469; x_wconf 82' lang='lat' dir='ltr'><em>Dr</em></span> <span class='ocrx_word' id='word_1_168' title='bbox 151 2395 325 2482; x_wconf 81' lang='lat' dir='ltr'><em>facultate</em></span> <span class='ocrx_word' id='word_1_169' title='bbox 355 2395 582 2485; x_wconf 72' lang='lat' dir='ltr'><em>intelligendi,</em></span> <span class='ocrx_word' id='word_1_170' title='bbox 609 2420 666 2464; x_wconf 81' lang='lat' dir='ltr'><em>seu</em></span> <span class='ocrx_word' id='word_1_171' title='bbox 695 2393 942 2478; x_wconf 69' lang='lat' dir='ltr'><em>detrectasse,</em></span> <span class='ocrx_word' id='word_1_172' title='bbox 985 2411 988 2416; x_wconf 83' lang='lat'>&#39;</span> 
     </span>
     <span class='ocr_line' id='line_1_26' title="bbox 314 2488 710 2576; baseline -0.01 -22"><span class='ocrx_word' id='word_1_173' title='bbox 314 2501 346 2554; x_wconf 86' lang='lat' dir='ltr'><em>et</em></span> <span class='ocrx_word' id='word_1_174' title='bbox 369 2490 438 2553; x_wconf 84' lang='lat' dir='ltr'><em>eius</em></span> <span class='ocrx_word' id='word_1_175' title='bbox 462 2488 710 2576; x_wconf 81' lang='lat' dir='ltr'><em>operationibus.</em></span> 
     </span>
    </p>
   </div>
   <div class='ocr_carea' id='block_1_4' title="bbox 71 2683 950 3099">
    <p class='ocr_par' dir='ltr' id='par_1_16' title="bbox 71 2683 950 3099">
     <span class='ocr_line' id='line_1_27' title="bbox 72 2683 949 2830; baseline -0.001 -16"><span class='ocrx_word' id='word_1_176' title='bbox 72 2683 287 2818; x_wconf 67' lang='lat' dir='ltr'><em>Ltellectus</em></span> <span class='ocrx_word' id='word_1_177' title='bbox 297 2746 586 2830; x_wconf 78' lang='lat' dir='ltr'><em>dicituttfarultar</em></span> <span class='ocrx_word' id='word_1_178' title='bbox 601 2770 654 2816; x_wconf 83' lang='lat' dir='ltr'><em>res</em></span> <span class='ocrx_word' id='word_1_179' title='bbox 666 2749 822 2815; x_wconf 83' lang='lat' dir='ltr'><em>distincte</em></span> <span class='ocrx_word' id='word_1_180' title='bbox 833 2761 865 2814; x_wconf 82' lang='lat' dir='ltr'><em>et</em></span> <span class='ocrx_word' id='word_1_181' title='bbox 877 2751 949 2813; x_wconf 85' lang='lat' dir='ltr'><em>uui·</em></span> 
     </span>
     <span class='ocr_line' id='line_1_28' title="bbox 71 2836 946 2923; baseline -0.007 -20"><span class='ocrx_word' id='word_1_182' title='bbox 71 2842 192 2904; x_wconf 83' lang='lat' dir='ltr'><em>uersim</em></span> <span class='ocrx_word' id='word_1_183' title='bbox 211 2837 499 2923; x_wconf 81' lang='lat' dir='ltr'><em>repraesentandi.</em></span> <span class='ocrx_word' id='word_1_184' title='bbox 517 2836 668 2914; x_wconf 88' lang='lat' dir='ltr'><em>Quamvis</em></span> <span class='ocrx_word' id='word_1_185' title='bbox 691 2839 870 2902; x_wconf 78' lang='lat' dir='ltr'><em>intellectus</em></span> <span class='ocrx_word' id='word_1_186' title='bbox 883 2859 946 2898; x_wconf 90' lang='lat' dir='ltr'><em>no-</em></span> 
     </span>
     <span class='ocr_line' id='line_1_29' title="bbox 72 2921 947 3014; baseline -0.008 -23"><span class='ocrx_word' id='word_1_187' title='bbox 72 2949 145 2991; x_wconf 87' lang='lat' dir='ltr'><em>men</em></span> <span class='ocrx_word' id='word_1_188' title='bbox 170 2924 345 3014; x_wconf 81' lang='lat' dir='ltr'><em>ambiguam</em></span> <span class='ocrx_word' id='word_1_189' title='bbox 371 2945 543 3013; x_wconf 67' lang='lat' dir='ltr'><em>vagamque</em></span> <span class='ocrx_word' id='word_1_190' title='bbox 570 2924 826 3011; x_wconf 84' lang='lat' dir='ltr'>significationem</span> <span class='ocrx_word' id='word_1_191' title='bbox 851 2921 947 3007; x_wconf 80' lang='lat' dir='ltr'>vulgo</span> 
     </span>
     <span class='ocr_line' id='line_1_30' title="bbox 72 3008 950 3099; baseline -0.009 -21"><span class='ocrx_word' id='word_1_192' title='bbox 72 3012 205 3087; x_wconf 83' lang='lat' dir='ltr'><em>habeat,</em></span> <span class='ocrx_word' id='word_1_193' title='bbox 229 3035 291 3074; x_wconf 90' lang='lat' dir='ltr'><em>non</em></span> <span class='ocrx_word' id='word_1_194' title='bbox 311 3013 409 3080; x_wconf 87' lang='lat' dir='ltr'>invito</span> <span class='ocrx_word' id='word_1_195' title='bbox 434 3013 678 3099; x_wconf 83' lang='lat' dir='ltr'><em>tamenvuigati</em></span> <span class='ocrx_word' id='word_1_196' title='bbox 704 3033 760 3074; x_wconf 90' lang='lat' dir='ltr'><em>usu</em></span> <span class='ocrx_word' id='word_1_197' title='bbox 786 3008 950 3094; x_wconf 82' lang='lat' dir='ltr'>loquendi,</span> 
     </span>
    </p>
   </div>
   <div class='ocr_carea' id='block_1_5' title="bbox 1129 2375 1133 2956">
    <p class='ocr_par' dir='ltr' id='par_1_17' title="bbox 1129 2375 1133 2956">
     <span class='ocr_line' id='line_1_31' title="bbox 1129 2375 1133 2956; baseline 0 0"><span class='ocrx_word' id='word_1_198' title='bbox 1129 2375 1133 2956; x_wconf 95' lang='lat' dir='ltr'><em> </em></span> 
     </span>
    </p>
   </div>
   <div class='ocr_carea' id='block_1_6' title="bbox 0 0 1138 3420">
    <p class='ocr_par' dir='ltr' id='par_1_18' title="bbox 0 0 1138 3420">
     <span class='ocr_line' id='line_1_32' title="bbox 0 0 1138 3420; baseline 0 0"><span class='ocrx_word' id='word_1_199' title='bbox 0 0 1138 3420; x_wconf 95' lang='lat' dir='ltr'><em> </em></span> 
     </span>
    </p>
   </div>
  </div>
 </body>
</html>
