2258 3428
224 147 291 214 144
447 142 643 220 ἰΜῊΤῩΤ.
672 141 816 194 mito!-
867 159 870 166 ⁴

463 300 736 373 coucuvsro
766 301 814 403 rr.
914 247 916 252 ⁵
965 265 967 272 ’

220 476 340 546 tows
384 492 515 540 rvnrcn
556 493 606 538 un
642 492 894 540 rusurrecuvrr
932 493 1072 540 eonrvs

196 611 201 618 ·
273 598 375 652 ovnm
412 597 461 644 nn
487 595 736 644 votvusuusu
770 597 968 644 usuntunns
997 599 1071 644 v1·

272 701 408 750 nnrvn.

218 881 222 890 ·
285 841 386 909 Prob.
403 840 457 908 Ad
474 840 668 910 intellectum
684 841 810 928 potius,
824 861 918 932 quam
932 839 975 908 ad
992 864 1066 908 vo·

219 933 372 1000 luntatem
404 931 512 1000 referri
541 931 638 998 debet
672 932 723 996 iila
753 934 864 998 mentis
890 935 1060 1019 operatio,

219 1045 299 1110 quae
330 1023 405 1087 nihil
426 1021 512 1086 aliud
534 1040 603 1086 esse
625 1018 751 1086 videtur
774 1021 831 1086 nisi
853 1021 1060 1086 convenien-

220 1119 281 1178 tiae
311 1111 360 1176 vel
387 1131 452 1174 non
474 1108 715 1175 convenientiae
741 1111 905 1198 perceptio
921 1109 1063 1194 ;·a·tqui

219 1203 288 1266 talis
312 1217 357 1266 est
383 1215 472 1264 actus
496 1197 626 1282 iudicii3
652 1218 728 1286 ergo
755 1199 908 1264 iudicium
932 1198 973 1263 ad
1005 1199 1063 1262 in-

218 1290 381 1354 tellectum
414 1286 520 1372 potius
546 1307 640 1374 quam
671 1288 712 1352 ad
743 1289 942 1354 voluntatem
976 1309 1063 1374 per·

218 1378 310 1442 tinet.
339 1373 436 1442 Prob.
465 1375 540 1438 min.
569 1374 711 1440 instituta
727 1376 939 1463 perceptionis
955 1392 989 1440 et
1005 1379 1063 1440 iu-

217 1467 292 1532 dicii
326 1466 574 1552 comparatione.
608 1461 668 1529 Per
704 1465 835 1551 primam
867 1465 980 1530 mentis
1016 1487 1062 1528 o-

217 1556 414 1647 perationem
431 1554 588 1644 sigillatim
609 1550 702 1616 nobis
719 1571 990 1642 repraesentamus
1007 1576 1058 1631 ert,

209 1669 302 1734 quae
326 1647 370 1710 rei
395 1644 487 1710 alicui
514 1644 646 1720 insunt,
674 1663 710 1706 ea
732 1641 812 1708 inter
832 1663 864 1707 se
889 1642 1057 1730 distingui-

218 1757 312 1813 mus,
342 1753 374 1799 et
388 1752 550 1817 tamquam
564 1748 706 1816 separata
721 1729 760 1796 ab
776 1732 842 1819 ipsa
858 1751 888 1794 re
906 1773 915 1810 ,
944 1731 974 1796 in
992 1751 1055 1816 qua

216 1826 379 1897 existunt,
404 1823 571 1884 intuemur.
600 1817 774 1904 Postquam
797 1841 875 1884 vero
899 1840 957 1906 per
984 1819 1057 1904 pri-

218 1932 300 1978 mam
323 1907 502 1973 inteilectus·
521 1907 767 1994 operationem,
793 1923 826 1972 et
845 1928 929 1992 qnae
952 1907 999 1974 rei
1022 1929 1057 1972 a·
1087 1985 1091 1992 ,

218 2000 291 2064 licui
305 1998 436 2077 insunt,
463 2014 623 2080 tamquam
646 1995 727 2061 inter
748 2018 782 2062 se
807 2012 839 2062 et
855 1997 895 2060 ab
917 1995 985 2081 ipse
1009 2018 1056 2075 re,

218 2086 269 2155 cui
285 2087 389 2150 insunt
405 2131 414 2163 ,
442 2083 567 2150 diversa
581 2081 672 2150 nobis
684 2085 991 2172 repraesentavimus
1005 2129 1014 2161 ,
1030 2087 1058 2150 si

209 2201 256 2244 ea
280 2179 310 2240 in
343 2174 501 2241 subiecto'
517 2175 625 2256 aliquo
656 2171 789 2239 existere
814 2173 865 2238 vei
886 2193 951 2238 non
971 2174 1057 2240 exis·

218 2285 285 2334 tere
302 2266 445 2344 scimus,
477 2280 530 2328 aut
555 2260 719 2326 videamur
743 2283 811 2328 esse
836 2260 928 2326 nobis
957 2282 1055 2326 cons-

219 2357 282 2434 cii;
312 2376 390 2420 tunc
417 2352 527 2418 eadem
557 2366 720 2436 tamquam
753 2351 785 2414 in
818 2347 961 2416 subiecto
992 2351 1057 2416 ali-

205 2469 285 2533 tquo
314 2443 479 2511 existentia
507 2439 558 2504 vel
584 2460 648 2504 non
675 2439 834 2506 existentia
862 2438 1055 2505 considera-

218 2547 297 2598 mus.
323 2533 433 2618 Atque
458 2526 534 2598 haec
562 2547 610 2592 est
635 2526 773 2593 secunda
801 2528 912 2593 mentis
929 2550 1053 2616 opera-

219 2626 276 2688 tio.
313 2618 351 2684 In
383 2620 486 2704 primo
514 2616 634 2688 scilicet
661 2636 735 2682 casu
762 2616 933 2682 iudicamus
962 2613 1054 2682 aftr-

218 2709 356 2787 mative,
379 2709 409 2770 in
438 2725 513 2771 cnsu
538 2705 640 2768 altero
668 2705 825 2791 negative.
851 2703 944 2770 Patet
973 2725 1051 2792 ergo

219 2798 299 2866 iilud
314 2819 382 2862 esse
402 2797 482 2860 inter
505 2794 743 2880 perceptionem
766 2810 797 2860 et
817 2792 966 2858 iudicium
984 2794 1054 2858 dis-

217 2890 364 2970 crimen,
386 2883 477 2976 quod
499 2881 620 2950 scilicet
636 2880 668 2946 iu
687 2885 892 2975 perceptione
914 2882 956 2948 ad
972 2882 1049 2975 plu·
