2258 3428
200 134 275 180 rans
298 137 343 201 tt.
368 135 544 184 aooronn.
569 125 645 184 oar.
671 139 717 183 rr.
825 121 883 188 161

119 197 183 268 lv:
220 204 332 272 Omnes
362 207 601 294 propositiones
628 207 798 296 singulares
827 231 890 296 op·

79 289 187 374 positae
205 311 274 359 sunt
294 296 569 360 contradictoriae.
600 295 685 361 Nam
713 296 744 358 in
767 315 890 384 propo-

81 376 223 446 sitionibus
249 382 455 470 singularibus
482 385 638 472 oppositis
666 386 748 450 idem
775 383 816 450 de
838 387 891 452 iu-

82 463 188 532 diriduo
214 474 328 538 eodem
356 471 531 537 affirmatur
557 491 588 537 et
618 491 760 562 negatur.
789 476 835 537 At
863 474 890 540 ti

69 619 73 626 ,
82 559 311 640 propositionum
349 561 667 628 contradictoriarum
700 585 762 628 una
793 557 889 630 fuerit

79 645 236 714 universalis
271 648 456 728 affirmans,
484 651 581 716 altera
609 669 657 715 est
689 651 890 739 particularia

69 751 200 820 ucgatrsa
230 737 256 802 si
283 755 388 802 autem
415 759 479 802 una
505 735 599 804 fuerit
623 741 801 804 universalis
827 761 890 806 ne-

69 840 135 904 gans
147 869 159 900 ,
185 825 285 892 altera
299 841 350 893 est
363 827 558 914 particulari-s
571 825 738 891 affirmans.
762 827 887 893 Etenim

67 909 88 968 si
112 917 421 981 contradictoriarum
448 937 512 980 una
543 913 639 980 fuerit
667 915 887 984 universaliter

68 993 214 1065 affirmans
233 1004 275 1071 de
296 1003 441 1068 subiecto
467 1004 644 1070 secundum
665 1020 764 1068 totam
787 1015 888 1091 quau·-

68 1087 184 1152 titatem
206 1109 331 1180 sumpto
348 1091 520 1158 affirmatur
544 1093 577 1158 id
602 1103 718 1172 omne,
747 1091 837 1180 quod
857 1097 888 1159 in

68 1177 189 1242 notione
212 1182 390 1268 praedicati
417 1183 610 1246 continetur.
640 1181 798 1261 Quoniam
826 1189 888 1245 aui·

67 1276 124 1325 tem
146 1267 190 1343 iss,
218 1271 274 1357 qui
299 1271 511 1348 contradicit,
541 1291 655 1366 negare
677 1267 774 1336 debet
796 1270 886 1355 quod

63 1349 135 1417 alter
159 1355 322 1438 affirmat,
349 1360 609 1446 contradicturus?
634 1381 748 1445 negare
777 1359 885 1438 debet,

65 1440 194 1510 subiecto
224 1447 403 1514 secundum
431 1463 532 1511 totam
562 1467 649 1512 suam
676 1447 885 1532 quantitatem

64 1533 254 1601 considerato
279 1535 373 1600 tribui
402 1549 494 1620 posse
517 1535 570 1614 id,
600 1535 690 1618 quod
718 1535 750 1603 in
776 1533 887 1598 notio·-

64 1635 97 1681 ne
119 1621 211 1708 ipsius
244 1623 420 1711 praedicati
447 1623 657 1702 continetur,
683 1641 719 1684 ac
752 1620 889 1708 proinde

63 1713 231 1794 propositio
247 1707 493 1777 contradictoria
508 1713 565 1778 erit
577 1710 811 1800 particulariter
824 1733 885 1775 ne-

66 1811 135 1876 gans.
161 1801 266 1888 Simili
281 1802 401 1865 ratione
418 1817 506 1883 patet
522 1824 531 1876 3
549 1799 788 1888 propositionis
812 1801 886 1864 uni-’-

64 1887 178 1952 versalia
205 1889 354 1976 negantis
380 1888 658 1953 contradictoriam
674 1889 886 1976 'propositio-

62 1987 121 2035 nem
134 1999 201 2044 esse
219 1971 444 2068 particularem
459 1975 676 2042 alllrruantern.
698 1976 736 2040 E.
758 1999 789 2064 g.
808 1997 886 2041 cont·

62 2063 259 2132 tradicroriae
279 2081 353 2130 sunt
378 2065 612 2152 propositiones
632 2065 732 2127 istae:
762 2059 886 2148 Petrur‘

60 2154 164 2217 scribit
179 2199 190 2232 ‚
208 2172 262 2222 et
281 2151 405 2218 Petras
419 2155 510 2217 simul
534 2175 594 2218 non
617 2153 758 2216 scribit.-
782 2157 886 2218 omnis

59 2234 138 2303 homo
166 2257 219 2307 est
249 2245 382 2319 iustus,
413 2257 445 2306 rt
476 2240 599 2328 aliquis
627 2237 714 2302 homo
747 2257 807 2302 non
836 2247 887 2304 esi

59 2327 184 2400 iustus:
215 2327 331 2395 nullut
362 2331 450 2394 homo
486 2346 537 2395 est
566 2334 676 2394 iustus·
702 2341 735 2392 et
763 2324 888 2420 aliquis

58 2410 139 2476 homo
167 2435 220 2482 est
246 2422 362 2482 iustus.
687 2495 689 2500 .

98 2501 147 2568 V.
192 2506 359 2585 Quoniam
375 2503 450 2593 ergo
468 2504 552 2570 rtulla
566 2520 613 2571 est
629 2500 805 2591 propositio
819 2503 887 2568 uni·
926 2521 929 2528 ⁴

58 2593 212 2672 versalis,
241 2617 325 2683 quae
345 2614 409 2658 non
433 2593 544 2658 situel
568 2593 728 2657 affirmans
752 2593 803 2658 vel
827 2614 886 2658 ne·

59 2697 157 2762 gans,
188 2685 350 2770 utriusque
377 2697 482 2748 autern
506 2684 681 2769 propositio
707 2681 899 2746 contradic·-¹

59 2767 137 2832 toria
164 2770 363 2855 particularis
388 2787 460 2848 ett3
489 2775 513 2835 si
539 2770 570 2832 ln
587 2768 709 2834 duabus
739 2771 888 2854 ptoposif-
967 2783 969 2788 '

60 2853 196 3008 tiopibus
209 2859 302 3012 Iidem
333 2859 607 3008 praedicatudee
629 2858 742 2922 eodem
756 2855 886 2924 subiec-

129 2968 191 3010 om.
230 2994 239 3014 .
313 3012 321 3041 s
