2270 3416
159 103 224 172 190
371 143 375 150 .
444 101 790 155 instrumentum.
818 127 851 156 ·.

157 171 287 246 ternitttt
303 170 388 241 toret
401 175 597 252 successiva,
613 175 730 240 infinita
745 173 1077 264 continerettetnpo-

157 284 213 339 τις
231 261 286 328 sed
299 259 418 327 infinita
434 279 614 347 temporum
630 262 788 328 successio
801 263 969 331 exhauriri
984 288 1080 330 nnm-

158 371 255 436 quam
270 368 389 436 potest,
399 371 436 414 ac
451 352 583 440 proinde
599 350 639 415 ad
655 371 802 437 praesens
813 373 921 438 usque
936 371 1076 440 tempus

156 437 325 540 pervenite
345 435 454 506 fuisset
469 438 672 528 impossibile.
700 439 863 507 Exhausta
880 444 970 507 enim
990 439 1075 512 foret

157 526 446 615 infinitatempotis
462 529 640 608 successio,
661 529 751 616 quod
772 548 949 616 repugnat.
970 531 1073 596 Prae'-

157 630 246 682 terea
268 617 633 705 aeternitas‚inquiunt,
657 633 705 682 est
728 615 878 703 perfectio
905 619 987 684 Deo
1019 641 1072 706 es-

158 702 319 780 sentialis,
334 719 367 768 at
378 701 536 790 perfectio
549 706 718 771 essentialis
734 706 805 770 Deo
819 710 1012 772 successiva
1023 729 1072 772 es-

159 812 195 856 se
211 811 275 857 non
292 807 418 878 potent
444 793 532 860 Deus
547 815 625 882 ergo
651 815 718 858 earn
747 811 849 858 totam
873 811 910 862 et
940 815 1069 882 semper

158 878 578 960 baberedebet.1andemt
594 879 748 970 perfectio
764 881 817 946 illc
834 883 886 946 vel
905 887 1069 950 consiste·

159 983 208 1050 ret
223 965 257 1032 in
273 969 416 1057 partibus
430 970 556 1060 siugulis
572 969 623 1036 sel
639 970 670 1034 in
686 969 941 1036 successionibus
961 974 1063 1036 omni-

127 1121 130 1130 ,
161 1052 222 1132 hus
237 1057 330 1125 simul
344 1059 476 1146 sumptis
485 1083 496 1139 3
512 1061 648 1147 primunt
661 1058 722 1126 dici
739 1081 802 1122 non
817 1077 950 1146 potest3
969 1081 1069 1148 quum

163 1147 367 1234 enimpartes
382 1147 520 1236 singulae
544 1164 702 1236 perpetuo
724 1148 825 1214 flnant
852 1165 950 1235 atque
979 1170 1069 1236 prae·

162 1252 269 1302 sentes
283 1235 343 1302 sint
364 1233 547 1322 praeteritae
570 1253 603 1302 et
624 1234 765 1314 fututae3
781 1232 940 1322 perfectio
957 1257 1065 1302 essen-0

133 1389 135 1393 ,
162 1322 247 1390 tialis
262 1325 426 1411 perpetuis
443 1322 668 1395 mutationibus
681 1321 763 1390 foret
775 1323 930 1389 obnoxia.
946 1324 1064 1412 Neque

136 1485 141 1492 ,
163 1408 390 1501 perfectioills
410 1414 441 1480 in
456 1411 756 1500 omnibuspattibus
772 1413 961 1480 successivis
976 1413 1067 1479 simul

162 1501 301 1590 sumptis
315 1502 486 1572 consistere
495 1519 616 1588 potest,
628 1502 715 1568 Dens
731 1503 812 1572 enim
826 1521 882 1586 per
899 1517 1006 1566 totam
1018 1525 1064 1568 ae·

164 1591 345 1664 sarsinaten
364 1592 520 1660 essenthtt
549 1581 745 1679 perfectione
765 1589 942 1656 'destitutus
971 1588 1065 1669 foret,

164 1678 429 1767 quandoquidem
443 1698 546 1769 partes
561 1679 630 1748 illas
648 1679 783 1768 singulas
794 1678 1066 1746 simulcontinete

163 1789 233 1834 non
250 1783 366 1856 pptest.
380 1766 432 1836 Ita
447 1783 704 1858 argumententur
719 1765 912 1834 subtilissimi
941 1765 1017 1830 hinc
1037 1785 1066 1834 et

166 1856 241 1926 inde
270 1855 464 1946 philosophi.
499 1859 543 1920 At
570 1855 779 1930 certissimum
806 1869 873 1932 est,
899 1857 1066 1920 creationis

167 1946 287 2034 dogma
299 1967 370 2016 cum
385 1945 613 2027 subtilitatibus
628 1945 685 2010 illis
701 1943 926 2032 metaphysicis
942 1966 1065 2030 nequa-

166 2055 262 2119 quam
282 2037 485 2103 coniunctum
498 2055 577 2102 esse.
602 2035 673 2098 Nos
695 2048 800 2099 autem
816 2031 856 2098 ab
876 2030 934 2096 illis
951 2031 1061 2120 dispu-

167 2119 342 2196 tationibus
358 2124 458 2190 ‘alieni
487 2125 718 2190 aeternitatem
750 2121 913 2188 definimus
934 2147 947 2186 t
971 2124 1062 2186 estis-

168 2214 326 2292 tentiam,
367 2233 451 2301 quae
484 2231 541 2278 uec
575 2213 704 2278 initiam
735 2232 797 2278 nec
817 2205 922 2292 finem
948 2209 1063 2274 habere

162 2315 287 2391 potest.
316 2299 521 2368 Aeternitatis
540 2315 682 2365 naturam
702 2296 859 2365 mentibus
880 2296 987 2364 creatis
1004 2295 1063 2362 ad-

172 2389 261 2478 sequi
277 2403 308 2454 et
321 2387 589 2477 comprehendere
611 2388 721 2454 datum
745 2403 810 2450 uon
833 2402 893 2452 est.

235 2477 298 2542 Hic
323 2495 445 2557 tamen,
474 2479 551 2544 data
565 2477 761 2552 occasione,
785 2495 850 2540 non
872 2471 927 2538 abs
950 2494 983 2538 re
997 2473 1064 2551 erit,

175 2566 360 2653 explicare,
389 2565 465 2653 quid
492 2568 531 2633 de
552 2567 702 2654 temporis
724 2581 834 2628 natura
849 2561 1067 2627 conicerentur

165 2654 361 2720 recentiores
377 2656 504 2743 quidam
519 2654 659 2721 celebres
682 2650 904 2738 metaphysisi.
925 2647 1009 2714 Rem
1025 2651 1066 2718 ita

173 2740 344 2828 explicant.
374 2745 404 2806 Si
426 2741 468 2808 ad
493 2743 675 2808 continuam
706 2740 824 2807 entium
848 2736 906 2802 sihi
934 2735 1065 2804 invicem

173 2827 411 2894 succedentium
426 2833 480 2908 A,
503 2831 550 2907 B,
574 2830 624 2908 C,
637 2829 669 2896 D
683 2846 744 2894 cet.
762 2825 994 2892 successionem
1017 2843 1069 2890 at-

172 2915 363 2991 tendamus,
387 2931 418 2980 et
445 2917 641 2983 existentiam
668 2917 764 3004 ipsius
788 2915 816 2978 A
844 2911 1072 2999 distinguamus

174 3000 216 3064 ab
250 3000 416 3068 existentia
444 3004 542 3092 ipsius
579 3003 632 3086 B,
665 3002 864 3080 existentiam
900 3001 997 3088 ipsius
1029 3001 1072 3083 Β,
