2298 3418
195 89 239 180 76
436 109 624 162 rusnrnvr.
647 113 792 164 russos.
868 141 873 148 -

192 177 258 248 sed
276 177 459 250 dumtaxat
484 181 564 249 dnm
588 181 640 253 ad
657 182 794 274 aliquid
807 178 910 252 aliud
922 179 1054 266 refer-

191 283 261 335 tur.
289 270 369 336 Aliis
391 269 570 341 nominibus
585 273 740 363 appellari
755 273 847 340 etiam
863 271 948 340 solet
970 273 1058 340 ha-

188 356 329 439 bitudo,
349 355 543 450 respectis,
565 366 760 430 connotatio.
792 359 831 428 In
846 361 934 429 omni
949 361 1054 428 rela-

191 445 317 512 rionum
341 472 456 538 genere
482 449 542 516 tria
568 449 720 541 distingui
744 449 887 531 debent,
915 471 1047 540 nempe

189 536 395 617 trebirorum,
424 541 584 606 terminus
599 536 912 624 acfuudomentum.
940 540 1055 606 Sub--

169 623 306 690 iectum
326 627 485 694 relationis
504 644 638 695 vocatur
660 650 714 698 ens
729 627 838 708 illud,
863 627 955 717 quod
975 649 1044 694 re·
1134 669 1135 694 r

190 704 289 803 iertnr
316 714 359 782 ad
382 716 493 795 aliud3
523 720 673 786 terminus
698 717 834 784 vicissim
864 736 913 785 est
936 715 1038 799 illud,

188 801 231 868 ad
251 803 341 888 quud
359 801 520 872 relationis
540 807 715 876 subiectum
737 805 908 896 dirigitur,
933 821 1037 892 atque

190 911 263 980 eam¹
290 892 334 960 ob
364 893 491 961 causam
516 895 694 963 subiectum
719 895 822 986 ipsum
845 916 884 960 ac
913 895 1028 1046 telryi·
1123 911 1126 916 ·

189 999 249 1044 nus
263 983 423 1050 communi
436 983 562 1052 nomine
578 983 746 1053 corrrlora
760 982 921 1050 dicuntur.
971 1004 1032 1047 an-

190 1068 262 1135 dem
286 1077 374 1138 ratio
402 1070 600 1153 relationis,
629 1076 694 1141 sire
707 1073 740 1140 id
753 1119 764 1154 ,
793 1071 878 1138 unde
909 1071 1034 1138 intelli-

188 1159 274 1248 gitur
288 1208 299 1241 ,
330 1160 514 1227 relationem
528 1161 637 1229 adesse
653 1207 663 1242 ‚
687 1157 930 1230 fundamentum
946 1161 1035 1226 rela-

189 1247 285 1324 tionis
313 1247 374 1315 dici
401 1249 505 1328 soler3
534 1249 578 1318 ita
600 1253 625 1317 si
648 1251 702 1316 uix
725 1248 767 1317 ad
790 1250 839 1316 lac
863 1245 1036 1330 referatur,-

189 1332 345 1425 simulque
362 1337 430 1404 ‘nix
456 1356 488 1404 et
517 1338 566 1406 lac
593 1358 855 1428 comparentur,
889 1339 943 1403 nix
972 1340 1033 1406 erit

191 1421 394 1508 subiectum,
419 1427 467 1493 lac
503 1426 680 1509 terminus,
700 1426 818 1497 albedo
846 1443 957 1492 aurem
985 1426 1035 1492 si-

191 1514 372 1590 militudinis
396 1537 491 1590 cause
518 1517 674 1592 relationis
704 1515 947 1584 fundamentum
974 1513 1031 1580 di-

191 1621 294 1671 cetur.
324 1602 440 1696 Itaque
491 1627 526 1670 ro
544 1605 657 1670 'variis‘
679 1604 882 1671 affectionum
902 1603 1031 1692 generi-

191 1689 249 1756 bus
266 1741 278 1772 ,
304 1716 386 1780 quae
398 1628 526 1760 duodus
541 1695 666 1768 entibus
681 1695 779 1762 inesse
795 1707 931 1784 possunt
941 1739 955 1770 ,
978 1691 1032 1757 ra·

190 1781 236 1871 ria
261 1803 392 1870 quoque
415 1785 605 1859 relationum
627 1781 860 1860 fundamentae
892 1779 1034 1868 ideoque

192 1869 285 1962 etiarn
301 1887 333 1936 et
354 1867 643 1942 varia'relari'onum
665 1893 779 1961 genera
796 1869 947 1958 distingui
970 1869 1035 1952 de-=

191 1939 282 2044 irent.
313 1957 364 2024 Ex
386 1957 432 2040 his
458 1957 658 2026 manifestum
677 1978 752 2039 est,
781 1959 950 2028 relationes
973 1979 1035 2046 va7

192 2043 259 2138 'gari
278 2068 370 2136 posse
388 2071 445 2136 per
460 2049 564 2114 omnia
600 2047 875 2124 raedicamrnra,
896 2043 960 2112 hoc
973 2063 1034 2127 est,

193 2139 276 2224 [entis
299 2134 403 2206 referri
425 2067 639 2226 possessasse
657 2136 816 2214 invicem,
842 2151 912 2200 tum
928 2133 1034 2224 quoad

192 2225 359 2294 essentiam
376 2273 387 2307 ,
404 2229 489 2294 -tum'
518 2225 629 2314 quoad
657 2223 847 2314 qualitatem
875 2239 908 2290 et
934 2245 1034 2310 quan·
1061 2297 1064 2302 ¹

192 2315 350 2395 ritatem,
391 2333 463 2400 tum
504 2313 633 2407 quoad¹
654 2313 924 2404 coexistentiam,
965 2328 1033 2384 tum

190 2403 299 2499 quoad
335 2405 534 2472 existentiam
573 2401 787 2484 successivam
827 2416 890 2466 cet.
930 2397 1032 2468 Varia

192 2495 383 2562 relationum
421 2495 539 2584 genera
582 2491 638 2556 sibi
679 2487 1032 2580 facile-repraesenta·

193 2577 240 2646 bit
260 2581 400 2667 quisquis
424 2581 465 2648 ad
488 2604 524 2647 ea
544 2563 747 2672 attenderit,
762 2599 859 2664 ,quae
879 2575 911 2640 iu
932 2576 1032 2668 logica

194 2670 233 2755 de
261 2668 428 2754 categoriis
454 2668 690 2754 explicavimus.
721 2667 801 2749 Satis
829 2664 890 2732 erit
918 2665 1032 2731 obser·
1134 2675 1137 2684 “

193 2779 267 2822 vare
279 2803 291 2834 ,
316 2755 478 2822 relationes
500 2756 575 2825 alias
599 2776 667 2820 esse
690 2757 838 2847 internos
864 2753 929 2818 sive
954 2775 1032 2846 rea-3

193 2838 251 2964 irs,
265 2861 321 2912 aut
341 2845 571 2930 necessarias,
599 2843 674 2938 alias
687 2863 767 2937 rete
784 2855 944 2937 externos
969 2841 1032 2932 sire
