2258 3428
219 15 247 124 Ji

253 199 318 275 13¹2
501 197 703 250 rusrruvr.
726 162 874 249 rumor.

251 277 386 342 ximum.
418 269 519 358 Saepe
536 290 642 338 autem
662 271 808 350 accidit,
836 289 872 336 ut
889 289 992 360 genus
1014 291 1093 360 pro-

249 366 373 430 ximum
393 377 425 426 et
449 360 624 427 differentia
655 362 801 449 specifica
830 362 922 426 unico
948 363 1116 428 vocubu-¹

251 454 285 516 lo
302 448 434 538 exprimi
457 472 520 512 non
543 449 692 538 possint:
721 467 797 514 tunc
812 470 914 515 autem
929 447 1094 518 adhibeu-
1115 513 1116 516 ,

250 541 293 606 da
311 557 356 606 est
381 536 537 603 sufficiens
553 539 742 628 qualitatum
764 535 955 606 enumeratio
971 584 985 618 ,
1009 561 1098 626 quae
1115 559 1116 566 ¹

251 630 359 718 generi
383 646 414 693 et
442 625 614 693 differentis
638 627 846 715 aequivaleat.

263 763 265 766 -
297 714 363 780 Ill.
412 715 633 782 Definitionem
663 715 874 795 conditurus,
908 712 1116 782 distinctam¹

250 802 368 871 habere
383 802 478 869 debet
495 807 655 870 notionem
675 805 715 869 rei
731 801 952 883 definiendae,
982 825 1018 872 et
1034 829 1094 870 no-

248 909 327 972 tas,
356 913 439 980 quae
463 897 624 960 notionem
649 895 732 959 illam
761 894 984 981 distinguunt,
1018 917 1091 983 pro-

212 986 215 995 “
250 981 328 1070 priis
350 982 519 1047 vocabulis'
542 982 729 1070 exprimere.
761 983 914 1070 Alioquin
936 999 1035 1049 notas
1054 983 1088 1046 ii·

250 1071 297 1135 las
314 1117 324 1150 ‚
350 1093 433 1158 quae
450 1069 490 1136 ad
509 1093 573 1137 rem
590 1069 822 1160 agnoscendam
839 1065 1031 1152 sufficiunt,
1055 1093 1087 1137 e-

250 1181 416 1226 numerate
431 1180 494 1222 non
515 1181 623 1247 posset
639 1209 651 1240 ,
678 1181 716 1224 ac
732 1157 867 1246 proinde
882 1179 941 1224 uec
956 1181 1026 1225 rem
1042 1163 1090 1248 ip·

170 1282 172 1291 ι
248 1269 318 1312 ram
334 1247 474 1313 definire.
501 1247 678 1318 Vocabula
691 1248 785 1312 eriam
801 1247 988 1334 usurpanda
1005 1267 1090 1329 sunt,

251 1355 409 1424 quantum
430 1335 498 1402 fieri
522 1353 656 1425 potest,
684 1338 715 1401 in
736 1353 863 1426 recepta
880 1336 1092 1424 significatio·

250 1445 293 1490 ne
309 1473 321 1504 ,
349 1425 405 1488 nisi
423 1447 500 1513 vaga
514 1442 545 1492 et
559 1425 695 1492 obscura
709 1424 750 1490 sit
766 1425 973 1516 significatio,
1001 1425 1094 1516 quod

249 1514 408 1602 contingit
425 1514 614 1600 saepissime.
638 1517 667 1580 Si
682 1531 786 1580 autem
800 1513 959 1580 vocabula
974 1535 993 1578 a
1011 1537 1095 1603 pru·
1115 1559 1116 1600 7

250 1603 319 1692 pria
350 1604 574 1692 significatione
603 1603 643 1670 ad
671 1603 804 1667 alienam
841 1597 1116 1688 transferuntur,i

252 1707 331 1756 tunc
356 1691 477 1757 definiri
509 1691 650 1772 debent,
678 1708 847 1778 antequam
873 1690 992 1756 eisdem
1019 1691 1116 1757 ura-i

251 1801 331 1844 mur.
360 1779 512 1858 Quamvis
535 1799 641 1845 autem
658 1783 822 1866 necessitas
843 1778 988 1844 servandi
1012 1778 1091 1846 haec

250 1867 370 1930 monita
387 1868 531 1952 palmaris
555 1867 593 1930 sit
615 1884 646 1933 et
672 1868 943 1946 luculentissima3
976 1870 1094 1935 mitum

251 1973 418 2020 esttamen
433 2001 442 2032 ‚
472 1975 565 2040 quam
581 1978 676 2042 saepe
691 1956 830 2022 homiues
844 1959 923 2023 inter
944 1954 1093 2024 scriben-

252 2043 327 2110 dum
343 2063 375 2109 et
391 2045 602 2129 loquendum,
623 2046 662 2108 ab
682 2044 740 2109 illis
758 2045 879 2134 regulis
902 2045 1091 2111 deflectant.

244 2131 317 2210 -Qui
348 2133 474 2200 diversa
501 2133 615 2222 placita
643 2129 777 2212 fovent,
803 2134 994 2220 diversisque
1017 2157 1093 2222 par·

244 2221 336 2288 ‘ribus
368 2221 521 2302 student,
543 2222 660 2287 'iisdem
690 2222 823 2288 vocibus
852 2239 883 2288 et
913 2223 1116 2288 locutioni-¹

251 2309 312 2377 bus
344 2314 490 2376 notiones
522 2311 628 2397 plane
656 2310 796 2396 dispares
828 2330 860 2376 et
892 2313 1094 2390 r'otoeoelo

243 2399 468 2486 discrepantes
490 2397 662 2484 aliquando
686 2402 875 2485 exprimunt.
899 2400 1012 2466 Vitari
1040 2423 1094 2467 er-

251 2509 294 2576 go
317 2491 450 2574 maxime
480 2485 598 2551 debent
625 2487 810 2565 voeabula,
835 2509 973 2574 quorum
995 2489 1095 2575 sigui-

252 2575 360 2640 ficatio
397 2595 475 2662 vaga
511 2596 585 2653 est;
616 2570 757 2664 alioquin
788 2597 867 2664 vaga
903 2574 985 2642 foret
1024 2580 1094 2644 sire

251 2665 339 2728 nulla
369 2661 519 2728 definitio.
557 2665 701 2728 Similiter
737 2664 769 2728 in
806 2663 991 2732 definitione
1026 2664 1094 2729 ad-

245 2751 351 2818 ·hiberi
380 2754 445 2816 uon
474 2749 592 2816 debent
622 2772 748 2828 vocer,
778 2751 893 2840 quibus
923 2751 1096 2819 confusam

250 2840 417 2906 dumrarar
444 2840 609 2905 notionem
633 2840 770 2906 tribuere
792 2861 971 2926 possumus.
1006 2841 1096 2905 Ete-

240 2929 316 3002 uim
348 2932 374 2997 si
402 2927 572 3014 vocibus,
600 2947 681 3016 quae
719 2929 934 3000 definitionem
963 2929 1098 2996 consri-
