2258 3428
235 207 278 276 70
470 203 828 252 rnsrtrvr.1’ntros.
888 227 891 234 ,

233 279 267 341 te
287 274 378 339 etiam
402 279 560 338 terminus
573 283 747 340 communis
769 291 834 352 est,
856 271 906 338 vel
933 270 1068 335 unirer-

233 361 317 430 salis
348 363 399 428 vel
424 362 625 452 singularis,
652 385 747 449 prout
776 364 936 428 notionem
973 379 1067 422 corn·

234 475 379 528 munem,
406 452 455 516 vel
480 453 664 540 singularem
693 453 860 540 significat.
889 451 936 514 Sic
960 446 1069 514 omnia
1118 463 1119 468 ’

234 542 358 606 nomina
380 562 528 627 generum
552 560 649 630 atque
673 543 866 627 specierum,
886 537 985 602 veluti
1005 536 1071 598 ho·
1118 609 1119 630 ᾖ

236 651 311 706 mu,
339 650 439 714 equus
462 651 523 696 cet.
552 650 624 694 sunt
641 634 762 708 termini
778 647 958 692 communes
975 627 1070 702 ;siu·
1118 635 1119 692 ἶ

237 719 359 812 gulares
373 736 480 783 autem
495 738 568 786 sunt
584 720 725 800 termini,
742 717 960 808 Pythagoras,
977 715 1073 780 Aris·

240 807 356 872 totel'es
378 824 440 870 cet.
583 880 587 886 Α
677 808 680 814 '
803 871 805 874 ,
1118 849 1119 854 1

286 895 335 964 V.
382 889 507 962 Genera
532 912 564 962 et
598 894 716 981 species
738 916 806 981 pet
845 890 982 956 atributa
1021 911 1073 956 es·

240 983 382 1050 sentialia
402 990 637 1050 constituuntur
651 987 701 1050 vel
716 982 974 1050 determinantur.
991 979 1074 1046 Ete—

241 1071 305 1138 nim
341 1095 455 1160 genera
495 1093 526 1140 et
567 1074 686 1160 species
731 1072 979 1136 determinantur
1023 1088 1075 1156 per

245 1179 335 1226 notas
350 1209 359 1238 ,
375 1163 488 1244 quibus
502 1184 615 1249 genera
632 1181 663 1225 et
680 1161 799 1247 species
812 1163 1031 1248 agnoscimu8‚
1046 1172 1076 1222 et

245 1249 283 1314 ab
298 1250 363 1314 aliis
378 1251 594 1316 discernimus.
610 1251 718 1315 Notae
733 1266 836 1315 autern
845 1295 855 1327 ,
871 1249 986 1336 quibus
1004 1267 1074 1334 spe·

246 1341 305 1403 cies
329 1356 360 1402 et
388 1361 504 1424 genera
531 1339 787 1425 distinguuntur,
816 1338 935 1403 desumi
961 1333 1075 1400 debent

247 1426 286 1492 ab
313 1425 472 1492 attributis
496 1427 720 1495 essentialibus.
743 1427 834 1505 Quae
860 1429 941 1491 euim
970 1441 1076 1488 muta-

247 1515 320 1580 bilia
343 1515 415 1580 sttnt
427 1563 438 1594 ,
452 1510 575 1588 ¹'iisdem
599 1515 796 1582 manentibus
818 1536 932 1604 genere
953 1531 991 1578 et·
1007 1536 1077 1600 spe·

248 1607 293 1672 cie
318 1605 430 1670 mutari
456 1623 608 1692 possunt,
626 1628 662 1670 ac
688 1605 820 1692 proinde
837 1604 878 1668 ad
894 1601 1015 1690 species
1030 1597 1076 1666 vel

250 1716 360 1782 genera
385 1694 606 1782 distinguenda
629 1717 693 1758 non
719 1694 837 1758 valent.
866 1691 945 1758 Inde
962 1710 1077 1756 *autem
1118 1735 1119 1746 .

250 1781 338 1866 facile
365 1799 471 1868 patet,
497 1806 536 1848 err
566 1786 650 1848 varia
675 1782 897 1848 attributorum
925 1781 1076 1846 essentia·
1118 1749 1119 1838 l

251 1873 324 1934 liurn
345 1869 605 1936 determinatione
631 1871 768 1958 pendere
782 1889 882 1935 totam
903 1871 1076 1955 specierum
1118 1839 1119 1928 l

252 1976 349 2044 atque
369 1974 519 2046 generum
547 1960 791 2026 distinctionem.
821 1959 946 2047 Species
974 1956 1079 2021 conti·

182 2091 184 2096 -
252 2051 327 2112 irent
352 2045 503 2114 attributa
530 2050 725 2128 essentialia,
753 2070 836 2132 qnae
862 2045 1008 2136 pluribus
1032 2048 1079 2110 in-

251 2134 385 2200 dividuis
413 2139 592 2204 communia
620 2159 720 2218 sunt3
757 2159 871 2226 genera
909 2157 1017 2201 autern
1048 2153 1081 2199 ea

254 2225 418 2300 continent
446 2227 619 2302 attributa,
649 2249 731 2314 quae
760 2228 799 2292 ad
829 2228 935 2312 plures
955 2223 1080 2313 ‘species

255 2313 427 2400 pertinent.
444 2317 579 2397 ,Verum
604 2316 765 2383 individua
786 2337 841 2401 per
862 2311 1082 2380 nodosacci-
1118 2321 1119 2328 ’

254 2401 417 2481 dentales‚
447 2407 631 2483 relationes,
658 2403 1083 2482 denominationesveextet-

256 2512 311 2554 nas
332 2490 590 2580 determinantur.
615 2497 643 2560 Si
668 2516 781 2580 nempe
802 2516 837 2558 ea
861 2495 986 2571 omnia,
1007 2509 1083 2576 quae
1118 2515 1119 2554 r

257 2578 286 2642 in
311 2579 424 2662 speciei
448 2584 568 2650 intimae
590 2586 719 2662 notione
743 2582 977 2648 indeterminata
1002 2595 1084 2653 sunt,
1118 2573 1119 2658 l

257 2667 321 2732 sive
345 2669 511 2736 individuis
536 2677 736 2751 communia,
765 2693 821 2756 pet
848 2671 934 2734 modi
959 2668 1086 2740 alic-uim

258 2755 308 2820 vel
337 2759 492 2824 relationis
518 2763 709 2827 additionem
739 2759 1011 2839 determinentur,
1047 2756 1087 2818 ita

260 2861 295 2910 ut
316 2845 389 2910 nihil
411 2851 543 2938 amplius
560 2850 836 2918 indeterminatum
859 2851 1012 2938 supersit,
1034 2841 1088 2909 sed

257 2935 409 3004 attributa
435 2942 615 3008 communia
641 2942 681 3010 ad
711 2963 780 3009 rem
810 2939 932 3006 uui'catu
968 2955 1000 3006 et
1034 2933 1088 3000 dt·
