2246 3412
279 55 367 104 utus
388 54 419 102 tt
441 55 600 104 utram.
622 54 699 104 etr.
717 53 768 102 tt.
843 34 855 108 ,'
923 62 988 130 ²7¹

85 121 197 210 modo
211 123 427 202 definivimus,
454 129 513 192 hae
529 127 670 213 primaria
686 123 929 216 turpissimaque
944 133 991 198 le-

8 213 10 252 ἶ
83 235 129 301 ge
145 215 275 292 nititur,
298 213 388 303 quod
399 211 508 292 lubet,
530 219 621 280 licet.
636 213 747 292 Quum
761 217 842 280 enirn
860 239 991 287 omnem

8 369 11 384 ,
84 301 186 364 tollat
208 301 345 367 divinam
369 301 598 391 obligationem
624 323 816 391 omnemque
833 303 990 374 internam

85 391 253 456 actionum
269 391 466 457 honestatem
483 411 520 453 ac
534 389 789 478 turpitudinem,
807 413 915 460 omnes
929 407 990 460 ac-'
1075 433 1078 438 ·

85 481 192 542 tiones
218 498 379 562 tamquam
405 477 617 544 indifferentes
631 481 761 557 statuit,
790 478 893 547 donec
919 483 991 574 lege

8 573 12 612 Ξ
83 566 173 629 civili
201 567 357 653 quaedam
388 570 644 657 praecipiantur,
683 567 841 656 quaedam
877 571 989 652 prohi-

8 663 12 702 ῑ
82 651 239 720 beantur.
268 653 379 741 Itaque
407 678 431 720 st
448 680 466 722 a
483 655 590 721 vetitis
608 653 786 720 actionibus
807 655 989 728 abstineant
1086 666 1089 672 ’

8 753 11 792 ²
85 742 257 828 epicurei,
282 742 314 808 id
328 741 444 812 faciunt
461 765 524 808 non
543 735 805 831 legisieverentia
827 765 882 812 seu
898 767 988 813 metu

8 843 11 880 ²·
83 823 237 916 poenae,
265 850 359 917 atque
384 833 426 896 ita
451 829 594 896 officium
621 828 846 896 bonihominis
863 832 988 902 etboni

8 929 11 970 1
83 918 166 982 civis
195 939 307 1004 patum
335 937 472 1000 curant,
497 919 556 984 nisi
579 935 736 1006 quatenus
764 920 868 985 coacti
899 941 988 990 sunt.
1076 937 1081 946 ’

8 1025 10 1032 ·
83 1005 198 1070 Deum
210 1029 286 1072 vero
301 1005 359 1070 sibi
371 1024 611 1098 repraesentant
624 1051 634 1088 ‚
646 1022 809 1096 tamquam
823 1009 988 1078 domiuum

8 1112 10 1146 l
84 1095 419 1183 indulgentissimum„
435 1099 490 1184 qui
507 1095 617 1162 saltem
632 1117 696 1159 non
712 1098 813 1161 utitur
826 1097 891 1164 iure
912 1120 985 1178 suo,

8 1199 10 1232 1
83 1182 274 1271 nullamque
288 1182 464 1249 hominibus
482 1181 706 1272 obligationem
721 1184 865 1270 imponit.
888 1185 987 1253 Hunc

8 1313 9 1322 t
82 1291 166 1336 vero
182 1270 396 1338 foedissimum
412 1293 548 1339 errorem
562 1274 623 1337 iam
645 1269 899 1354 confutavimus,
930 1275 987 1342 ubi

8 1376 9 1408 ³
83 1358 343 1429 demonstratum
358 1377 428 1440 est,
458 1359 618 1427 hominem
640 1361 737 1428 teneri
753 1361 894 1428 actiones
912 1385 986 1429 suat

84 1447 264 1515 secundum
281 1449 418 1516 divinam
437 1447 636 1514 voluntatem
652 1448 798 1514 ordinare
813 1468 911 1536 atque
925 1453 985 1518 de-

83 1538 266 1604 terminare.
294 1535 395 1615 Quod
409 1535 564 1622 quidem,
591 1535 672 1601 utin
690 1535 748 1601 hac
766 1537 892 1602 mortali
917 1539 984 1606 vita

84 1621 239 1690 faciamus
255 1669 265 1702 ‚
294 1625 348 1690 det
361 1622 452 1689 nobis
467 1625 555 1688 Deus
568 1621 718 1710 Optimus
730 1623 888 1690 Maximus
904 1674 914 1707 ,
928 1644 985 1692 at-

83 1735 151 1799 que
167 1713 296 1781 tandem
314 1711 419 1778 diviua
433 1710 586 1798 attributa
604 1734 669 1777 nou
682 1716 720 1778 in·
729 1711 859 1802 speculo
873 1729 906 1779 et
921 1739 983 1781 ae-

84 1807 258 1892 nigmate,
288 1802 367 1883 sed,
408 1818 444 1868 ut
470 1799 581 1867 vident
608 1799 717 1884 beati,
749 1803 780 1867 io
818 1819 980 1893 aeternum

84 1910 279 1958 iutueamur.

277 2147 399 2221 FINIS
422 2146 785 2223 METAPHYSICAE.
876 2173 878 2178 ’
989 2193 992 2200 -
