2258 3428
142 133 145 138 ¹
236 169 304 216 rto
479 145 829 212 rnsrrrvr.'''rnrr.os.
853 159 855 164 ·

233 235 399 328 quomodo
415 235 520 323 posit,
536 256 615 300 sono
630 236 670 301 ab
685 235 811 302 homine
829 235 975 326 prolato,
997 247 1073 301 eer-

233 347 266 395 ra
285 330 352 393 idea
379 327 423 387 sic
444 327 561 412 aiiigari
570 374 581 404 ,
602 345 638 390 ut
653 328 779 416 quoties
797 327 878 391 idem
895 346 992 388 sonus
1013 345 1073 388 au·

235 439 283 482 res
309 415 471 501 percellit,
493 416 544 478 iila
565 416 632 480 idea
644 416 753 480 statim
768 433 906 480 recurrat
922 459 931 492 ,
949 429 980 478 et
999 435 1074 478 cum
1127 452 1129 457 ,

235 527 274 572 eo
300 525 380 566 sono
406 505 633 592 coniungatur3
661 526 737 592 ergo
765 525 857 570 voces
885 521 958 566 sunt
987 503 1076 589 signa

235 593 398 658 naturalia.
428 591 525 678 Resp.
555 613 583 656 r.
612 595 766 680 permisso
790 587 1002 658 antecedetite
1030 592 1077 655 N.

234 703 323 748 cons.
354 680 458 744 Multa
486 681 565 746 enim
591 697 645 768 per
669 681 894 768 experientiam
926 680 1078 744 novimus

235 771 427 846 certissime,
443 789 578 854 quorum
595 771 747 836 rationem
765 769 894 836 reddere
911 791 975 833 non
993 790 1076 856 pos·

235 881 352 923 sumus.
380 859 480 944 Resp.
514 880 542 922 2.
567 857 651 923 Eum
677 881 744 924 esse
770 861 861 924 animi
888 875 919 923 et
946 876 1075 946 corpo-

236 950 277 1012 ris
300 971 418 1014 nexum
441 945 482 1010 ab
504 964 633 1014 auctore
647 957 781 1030 naturae
793 949 1003 1012 constitutum
1016 993 1028 1026 ,
1043 960 1077 1010 ut
1128 1024 1129 1027 Ἴ

236 1054 341 1102 certos
368 1055 474 1099 motus
495 1038 626 1102 cerebro
647 1039 817 1124 impressos
841 1035 945 1102 statim
971 1055 1077 1122 quae·
1127 1044 1129 1085 ἒ

238 1126 311 1192 dant
337 1125 430 1188 animi
455 1125 600 1190 notiones
626 1144 865 1213 consequamur
890 1139 921 1190 et
946 1139 1076 1188 contra.

238 1215 414 1300 Quumque
432 1211 503 1278 idea
518 1215 569 1278 vei
583 1213 700 1292 semei,
718 1217 767 1280 rei
782 1216 905 1302 saepius
920 1212 1079 1276 coniunc-

238 1319 271 1366 ta
310 1301 480 1366 fuir'eum'
506 1303 613 1389 aliquo
653 1321 742 1366 motu
768 1303 916 1388 fibrarum
941 1301 1080 1382 eetebri3
1127 1380 1129 1391 ,

238 1392 366 1478 quoties
394 1391 502 1454 eadem
533 1393 662 1456 recurrit
689 1392 782 1468 idea,
810 1392 892 1458 idem
916 1390 1081 1455 excitatur
1127 1426 1128 1431 κ

238 1497 344 1544 motus
374 1496 404 1542 et
434 1479 581 1544 vicissim.
606 1481 636 1544 Si
657 1477 741 1544 'vero
770 1478 855 1546 ideas'
884 1477 962 1544 dua's
986 1479 1081 1542 simui

237 1569 469 1657 percipiamus,
492 1569 719 1655 respondentes
745 1570 837 1634 etiam
858 1567 1008 1632 fibrarum
1030 1588 1084 1632 ee·

237 1656 321 1722 rebri
351 1673 455 1720 motus
481 1658 572 1721 simul
595 1659 794 1736 excitantur,
817 1673 849 1723 et
871 1655 1000 1746 quoties
1023 1656 1080 1721 de·

236 1745 312 1811 inde
341 1757 387 1812 err·
406 1745 464 1808 illis
484 1744 569 1810 ideis
594 1769 656 1811 una
673 1747 872 1832 Ἰ[ποάιιείιιιτ
899 1747 931 1809 in
956 1747 1080 1822 mente,

236 1837 380 1898 nascitur
393 1833 485 1895 etiam
509 1834 617 1899 altera.
643 1835 691 1898 Ac
709 1835 805 1900 ‘simili
825 1833 923 1898 modo
945 1835 1080 1921 quoties

237 1937 345 1984 motus
367 1919 486 1984 cerebri
512 1921 602 1988 ideae
633 1924 726 1986 alicui
752 1923 948 2011 respondens
975 1926 1081 1992 itera-

238 2025 313 2088 tur,
336 2023 442 2074 motus
469 2031 601 2098 quoque
625 2016 703 2088 aiter
730 2011 819 2078 ideae
840 2013 930 2078 alteri
950 2015 1083 2078 couve-

239 2099 327 2164 niens
350 2099 515 2164 excitatur.
538 2099 819 2186 Quocirca‘quum
841 2097 951 2166 infanti
978 2111 1029 2165 r'es
1045 2123 1086 2164 a·

240 2188 347 2274 lique,
375 2197 408 2251 ut
421 2184 582 2268 -·fructus,
607 2187 784 2254 ostenditur
801 2207 844 2254 ,et
867 2189 1003 2278 proprio
1025 2211 1086 2254 no·

242 2279 322 2342 mine
356 2277 563 2361 exprimitur,
593 2277 700 2341 statim
728 2274 904 2342 ettfructus·
931 2293 965 2342 et
993 2280 1087 2344 vocis

241 2364 335 2431 ideae
356 2363 446 2427 simui
471 2364 607 2428 animum
633 2367 855 2446 'subeunt,'et
882 2383 989 2429 motus
1014 2366 1087 2432 duo

239 2454 279 2518 iis
300 2453 376 2518 ideis
402 2452 630 2538 respondentes
651 2459 683 2520 in
696 2455 826 2522 cerebro
844 2453 1087 2540 producuntur,

241 2563 282 2606 uc
307 2561 373 2604 sua·
392 2540 490 2604 veluti
522 2545 649 2634 vestigia
676 2545 708 2607 in
736 2567 776 2610 eo
805 2543 1010 2630 relinquunt,
1041 2547 1088 2609 ita

241 2649 278 2692 ut
304 2649 401 2691 unum
436 2629 601 2720 vestigium
634 2653 707 2696 curn
730 2634 842 2698 'altero'
873 2633 1090 2698 coniunctum

240 2719 289 2781 sit.
311 2715 379 2781 Iam
403 2717 438 2796 si,
452 2720 569 2786 iteratis
585 2721 718 2786 vocibus
732 2720 921 2787 ostendatur
943 2718 1090 2801 fruetus,

238 2823 271 2872 et
293 2805 373 2870 illius
399 2812 514 2872 nornen
538 2809 626 2872 simul
648 2805 847 2894 proferatur,
871 2807 1001 2873 cerebra
1016 2809 1017 2816 '
1031 2811 1091 2876 ina

238 2895 429 2984 repetitione
442 2905 492 2963 et..
503 2896 684 2964 vehementi
703 2897 835 2964 infantis
853 2897 1012 2964 desiderio
1033 2900 1087 2978 fit,
