2258 3428
250 157 338 207 unns
362 157 416 205 rt.
441 155 615 208 uootctn.
638 157 713 224 ott.
740 159 771 207 ι.
869 161 932 230 14¹

89 233 119 298 ti
157 227 344 296 affirmando
372 228 490 294 coniun
513 233 592 294 imus
623 230 670 296 vel
703 226 852 320 negando
880 255 937 302 te.

94 339 269 408 paramus3
303 320 360 386 sed
381 318 464 383 actio
487 252 538 383 iila
559 320 670 385 tuentis
691 323 838 386 notiones
861 325 937 410 qoi-

98 408 166 474 dnn
189 407 432 498 coniungendas
455 407 505 474 vel
524 407 714 494 separandas
736 430 937 501 praesuppo-

94 497 167 576 nit,
201 500 331 564 minime
361 514 466 563 tamen
495 516 535 562 ex
562 497 620 562 iliis
644 503 848 585 componitur
862 522 875 579 3
904 519 937 572 et

92 584 195 651 inilia
220 586 336 652 meotis
359 585 485 650 actione
507 583 607 652 nullas
629 603 734 676 partes
755 587 935 676 distingue-

88 698 123 742 re
138 696 313 762 possumus
332 697 341 751 3
370 696 447 762 ergo
466 672 616 740 iudicium
634 693 681 740 est
698 675 833 766 simplex
846 697 937 746 actus

83 767 217 832 mentis.
248 764 470 828 Corriirmatut
486 764 558 826 min.
582 762 705 830 Multae
723 783 855 852 possunt
869 789 939 836 esse

85 853 326 944 perceptiones
349 850 507 929 subiecti,
537 851 711 938 praedicati
734 870 765 920 et
787 857 936 942 copulae,

85 943 190 1010 ctiam
214 943 239 1006 si
260 941 384 1006 nulium
402 941 586 1008 interveniat
602 941 764 1006 iudicium.
791 943 841 1007 Sic
858 967 938 1032 per..

88 1032 208 1119 cipere
222 1051 394 1118 possumus
409 1029 488 1094 hunc
506 1029 777 1116 propositionemt
792 1028 873 1098 luna
886 1048 937 1100 est

92 1118 323 1196 habitabilis,
355 1137 387 1184 et
416 1117 564 1184 iudicium
595 1135 737 1183 nostrum
769 1123 938 1204 sustinere,

92 1206 161 1274 hoc
190 1227 268 1286 est,
295 1207 417 1296 absque
445 1207 512 1271 ullo
541 1227 670 1272 assensu
700 1207 752 1274 vel
781 1207 938 1279 dissensu.

89 1295 214 1384 liquet
237 1297 335 1384 igitur
365 1317 424 1362 uec
452 1294 643 1362 subiectior
672 1296 845 1383 praedicati
873 1323 940 1368 uo·

89 1387 226 1466 tiones,
258 1407 317 1452 nec
340 1384 523 1452 earumdem
547 1385 712 1450 notionum
735 1386 939 1456 collationem

90 1475 206 1542 iudicii
246 1476 403 1540 rationem
442 1472 586 1550 habete,
624 1471 729 1537 donec
768 1472 940 1543 affirmatio

93 1584 152 1629 aut
176 1565 334 1653 negatio,
365 1584 402 1626 ac
431 1560 531 1627 veluti
560 1559 671 1625 mentis
700 1565 854 1628 sententia
882 1585 940 1652 per

98 1653 235 1718 verbnm
264 1667 314 1718 cst
342 1652 395 1717 vei
418 1671 480 1714 non
506 1662 555 1714 est
581 1667 729 1734 expressa
756 1653 938 1720 accesserit.

102 1741 217 1827 Atque
243 1741 271 1804 iu
299 1740 360 1804 bac
389 1743 500 1804 mentis
533 1739 657 1803 actione
687 1737 847 1824 simplici,
874 1763 938 1827 qua

107 1847 207 1894 unum
234 1828 270 1896 de
290 1830 354 1896 aiio
374 1825 549 1894 affirmatur
570 1847 625 1895 aut
649 1847 809 1918 nugatur,
833 1833 939 1921 posita

102 1935 154 1985 cst
175 1935 284 1986 natura
315 1915 435 1983 iudicii.

140 2091 469 2167 SOLVVNTVR
492 2091 894 2166 OBIECTIONES.

164 2273 293 2341 Obiect.
323 2270 481 2338 Iudicium
508 2293 571 2336 non
598 2272 634 2337 fit
659 2272 713 2338 nisi
737 2293 775 2338 ex
797 2275 938 2344 notioni·

92 2363 184 2442 bus3
216 2386 292 2451 ergo
318 2363 467 2427 iudicium
495 2362 698 2446 componitur
726 2381 765 2426 ex
791 2363 938 2429 notioni-

95 2449 170 2516 bus.
194 2452 306 2540 Resp.-
324 2451 397 2516 dist.
424 2467 517 2526 ant,
539 2449 690 2515 iudicium
711 2471 775 2514 nott
800 2453 857 2530 fit,
879 2453 938 2520 nisi

95 2563 139 2607 ex
155 2541 341 2606 notionibus
362 2536 616 2628 praerequisitis,
632 2558 669 2605 ut
684 2561 771 2606 mens
784 2563 833 2607 eas
847 2563 939 2608 com·

97 2649 203 2718 ponat
217 2647 271 2694 aut
283 2628 424 2707 dividat,
438 2629 479 2692 C.
492 2672 501 2705 ,
525 2643 559 2689 ut
572 2647 610 2692 ex
626 2627 659 2692 iis
675 2628 823 2694 iudicium
833 2630 938 2718 ipsum

94 2738 345 2807 componatur,
367 2717 411 2781 N.
426 2733 492 2781 ant.
511 2734 542 2781 et
554 2737 646 2781 cons.
673 2713 760 2780 Illud
774 2719 854 2784 enim
865 2721 939 2786 dis-

91 2809 217 2873 crimen
246 2823 291 2872 est
321 2804 401 2868 inter
430 2807 684 2892 propositionem
711 2818 744 2868 et
774 2806 935 2890 iudicium,

69 2895 194 2986 ·quod
219 2893 402 2984 propositio
424 2891 465 2964 sit
486 2895 615 2974 oratio,
644 2912 726 2981 quae
748 2895 938 2983 subiectum,
1023 2901 1025 2906 ’
