2326 3438
211 141 291 208 282
458 163 646 214 tntstavr.
668 164 801 213 curans.

207 229 354 298 Secunda
374 235 555 322 propositio
578 232 659 300 fuit:
691 257 746 322 per
769 223 898 311 aetem,
919 249 952 300 et
971 231 1054 322 qni-
1148 300 1151 318 ,

208 319 281 386 dem
309 344 366 426 pet
392 321 476 387 hanc
507 345 571 389 non
600 325 783 388 translatum
807 323 841 388 fir
859 323 1058 388 communi-

206 409 294 474 catio
320 412 402 475 iuter
427 433 535 477 antem
568 429 827 517 etqcampanam
855 411 943 476 Duas
974 411 1059 476 ilias

206 499 446 651 propositiones
470 501 511 565 ad
533 501 614 567 hanc
634 503 758 568 unicam
786 499 931 567 reductas
953 519 1058 564 nunc

230 583 356 652 abemus
429 591 557 674 quando
584 611 757 695 campana·
768 591 973 677 percutitur,·
998 609 1054 653 eo

207 673 278 776 ipse
300 676 475 763 particulae
496 685 603 746 aereae
615 727 625 758 ,
648 681 780 766 quaein
802 699 886 744 cavo
903 676 1057 742 interiori

206 763 290 827 auris
313 767 517 833 continentur
530 811 540 848 ‚
570 787 603 833 et
625 790 707 854 quae
726 767 793 870 ipsi
809 785 965 856 tympano
986 764 1057 830 ad·

208 849 339 932 iacent,
367 857 549 944 agitantur,
579 859 737 942 variisque
764 855 885 920 vicibus
910 870 988 923 eunt
1015 869 1057 920 et
1156 915 1157 920 ,

209 901 369 1021 redemi,
400 963 431 1010 et
459 963 651 1034 tympanum
676 944 872 1034 percutiunt.

276 1033 424 1100 Vltetius
440 1035 710 1138 progrediendum
724 1050 798 1112 est,
823 1051 855 1098 et
871 1030 950 1097 haec
965 1051 1052 1118 pto·
1096 1097 1099 1106 ,

208 1119 327 1205 positio
346 1145 419 1186 cum
439 1132 531 1189 tertia
555 1123 776 1210 propositione
798 1122 837 1186 de
862 1143 938 1186 aure
963 1139 1097 1191 aune,

208 1205 346 1275 conserti
363 1210 487 1289 debet,
516 1214 557 1276 ita
572 1232 608 1275 ιιι
626 1211 875 1312 propositiones
878 1230 988 1274 omnes
1008 1207 1056 1275 ad

208 1298 333 1361 unicam
354 1300 499 1364 reductas
522 1299 706 1366 habeamus.
736 1301 842 1382 Hoc
835 1298 930 1388 igitur
951 1298 1055 1363 modo

209 1399 342 1472 pergere
370 1387 533 1454 debemus
564 1389 705 1468 Quando
736 1408 927 1478 tympanum
953 1387 1069 1452 motu¹

210 1476 348 1544 tremulo
370 1475 529 1555 afficitur,
560 1481 683 1543 minora
709 1477 866 1564 quaedam
886 1497 957 1540 ossa
981 1473 1058 1564 agi·
1067 1518 1088 1565 ‘s

211 1577 346 1643 tantur,
377 1565 476 1652 ipsius
500 1567 578 1632 airis
598 1567 752 1634 interiori
761 1566 843 1630 auris
864 1586 947 1628 caro
973 1585 1057 1628 con·

210 1654 292 1718 tenti
321 1657 496 1742 particulae
522 1672 599 1721 cunt
628 1674 659 1720 et
693 1653 852 1733 redeunt3
882 1669 917 1718 at
943 1667 1055 1716 motus

212 1744 291 1806 aitis
308 1742 530 1808 undulatorius
544 1790 557 1823 ,
586 1743 748 1811 mediante
768 1739 940 1846 agitatione
957 1758 1057 1829 tym-

194 1831 315 1914 pani,
344 1832 473 1896 ulterius
501 1849 725 1934 propagatur,
752 1832 846 1896 etiam
869 1831 902 1894 in
926 1827 1059 1896 canales

213 1936 383 2003 penetrat,
413 1921 454 1983 ita
478 1937 514 1986 ut
536 1920 746 2005 superficies
738 1938 857 1984 interna
877 1917 988 1982 totius
1001 1939 1060 1981 ca·
1066 1937 1068 1947 ·

214 2005 273 2086 vi,
300 2025 332 2073 et
360 2008 501 2073 omnium
532 2009 722 2074 canalium'
715 2030 746 2070 ιιι
774 2006 902 2096 singulis
924 2003 1059 2094 punctis

215 2093 257 2163 ab
284 2095 447 2162 adiacente
475 2103 549 2162 ae're
580 2097 671 2169 variis
701 2095 821 2160 vicibus
833 2096 1059 2182 percutiatur,

192 2235 197 2250 .
214 2199 246 2247 et
262 2203 391 2272 propter
404 2186 547 2251 materiae
559 2207 665 2251 osseae
679 2183 924 2262 clasticitatem‚
949 2183 1059 2248 omnia

215 2268 248 2334 in
274 2297 349 2342 aute
367 2296 453 2340 motu
477 2275 613 2340 tremulo
633 2271 836 2350 afficiantut3
866 2293 961 2359 quam
982 2269 1060 2356 qui-

216 2361 290 2430 dem
313 2386 434 2430 motum
459 2362 517 2448 ipsi
544 2385 643 2428 nervo
665 2361 846 2427 cohaerenti
873 2360 1059 2425 commuui-

217 2454 278 2517 cari
314 2475 475 2522 necessum
506 2467 564 2516 est.
600 2449 653 2515 Ad
681 2449 878 2515 illustrandas
911 2445 1058 2512 methodi

216 2543 397 2631 analyticae
440 2540 562 2628 regulas
601 2537 967 2604 accommodatissimum
1009 2553 1059 2602 est

219 2633 400 2718 exemplum
422 2631 512 2692 illud
541 2625 602 2692 Sed
623 2650 662 2692 ex
686 2625 771 2690 hoc'
765 2647 835 2712 rpso
856 2621 1057 2688 manifestum

219 2739 289 2796 est,
309 2742 370 2807 reg
366 2721 429 2781 uias
448 2715 571 2780 inutiles
584 2736 674 2791 esse,
691 2714 748 2778 nisi
762 2714 889 2780 materia
902 2715 971 2817 ipsa
982 2731 1059 2797 pto-

217 2807 258 2873 be
286 2826 360 2870 nota
386 2809 433 2869 sit.
468 2803 546 2868 Iliae
571 2802 654 2868 enim
678 2801 843 2878 indicant,
875 2801 925 2865 cui
951 2799 1058 2887 potis·

218 2897 330 2962 simum
354 2893 545 2982 quaestionis
570 2890 654 2978 parti
678 2894 799 2954 animus
825 2890 864 2954 sit
891 2890 1061 2976 applican-
