2270 3416
150 93 213 157 140
375 121 381 129 ·
420 95 610 148 mentnvn.
633 97 767 146 mestos.

145 168 258 255 enistet
276 165 367 232 etiam
389 189 444 234 ens
470 192 489 234 a
510 191 613 236 resen
636 189 690 236 ens
711 167 940 247 necessarium
967 191 1060 257 ergo
1130 159 1131 240 l

144 254 248 320 existit
272 277 326 320 ens
354 258 566 325 necessarium
589 279 643 324 seu
669 279 724 329 ens
745 279 764 322 a
788 279 832 324 se.
860 257 920 322 His
953 279 1060 344 prae-

143 343 240 406 missis
261 343 345 410 etin
367 347 551 412 memoriam
575 339 728 415 revocatis
749 345 929 434 ontologiae
955 351 1057 435 prin-

451 519 734 596 CONCLVSIO.

144 430 253 520 cipis,
277 433 316 498 sit

268 688 487 775 Exrsxtsrsxrn
513 693 583 758 Det
608 711 910 758 nnsrorssmtsxvn.

207 869 406 961 Existentiate¹
423 874 485 942 Dei
507 874 792 945 demonstrationes
822 872 959 960 duplicis
987 893 1047 960 po·
1130 881 1131 886 ’

140 957 291 1026 tissimum
316 964 435 1051 generis
456 963 571 1030 adferri
592 981 737 1050 possunt.
761 963 852 1028 Aliae
877 962 1047 1028 deducun-

140 1064 195 1114 tnt
209 1072 249 1114 ex
265 1053 535 1140 contemplatione
558 1053 666 1118 mundi
689 1052 781 1116 huius
805 1051 1050 1138 adspectabilis.

141 1134 332 1206 Invisibilia
362 1147 446 1206 enim
473 1145 578 1228 ipsius
606 1167 629 1206 a
655 1155 813 1206 creatura
843 1139 959 1202 mrendi
985 1160 1051 1226 per
1120 1203 1123 1212 ,

141 1247 207 1304 ea,
233 1247 318 1313 quae
333 1227 437 1308 facte
459 1243 538 1294 sane
549 1275 560 1306 ,
586 1225 759 1295 menecea
786 1229 1047 1312 conspiciuntur,

140 1320 340 1399 sempiterna
358 1334 484 1407 qaoque
508 1322 577 1385 eins
599 1320 706 1382 virtus
729 1331 763 1380 et
786 1314 969 1392 divinitas,
1008 1314 1047 1380 ad
1129 1323 1131 1340 '

140 1397 240 1464 Rom.
268 1423 296 1468 r.
319 1426 351 1469 v.
371 1426 423 1472 no.
445 1404 535 1470 Aliae
555 1405 742 1470 hauriuntur
765 1423 803 1468 ex
829 1402 961 1466 notione
989 1425 1050 1466 en-

140 1487 182 1550 tis
204 1489 419 1575 perfectissimi
439 1511 471 1558 et
491 1515 531 1557 ex
546 1493 813 1577 contemplatione
828 1491 945 1554 animae
965 1512 1047 1554 nos-

140 1587 230 1642 trae':
258 1578 355 1646 labet
379 1584 466 1651 enim
493 1581 589 1646 Deus
611 1581 819 1655 testimonia„
843 1593 945 1642 totum
972 1579 1046 1656 hoc,

141 1665 234 1752 quod
251 1687 360 1734 sumne
384 1685 417 1734 et
442 1674 475 1734 in
504 1690 565 1758 qno
589 1689 701 1734 sensns
715 1701 738 1745 ,·
753 1689 792 1732 ex
815 1664 953 1732 Tertull.
984 1664 1047 1733 lib.
1129 1705 1130 1740 1

142 1769 175 1818 ι.
201 1769 316 1821 contra
341 1755 546 1826 Marcionem
569 1777 644 1844 cap·
672 1773 722 1824 10.

218 1925 340 1999 Prima
364 1930 599 2004 demonstratio
625 1954 669 1997 en
698 1925 967 2017 contemplatione
1128 1951 1129 1980 ³

396 2019 511 2087 mundi
532 2016 786 2108 adspecsnbilis.

210 2189 270 2258 Dei
295 2193 423 2260 nomine
442 2193 511 2261 heic
534 2193 730 2282 intelligimus
745 2211 800 2256 ens
817 2213 835 2254 a
851 2212 901 2270 se,
927 2190 957 2255 in
975 2213 1049 2276 quo·
1127 2255 1128 2284 a

144 2283 326 2348 continetur
344 2287 421 2348 tatio
437 2281 591 2349 sufficiens
620 2281 798 2347 existentiae
821 2277 929 2344 mnndi
950 2278 1044 2346 huius

141 2369 387 2455 ·adspectabilis;
412 2373 466 2437 sed
489 2373 595 2438 existit
624 2391 678 2436 ens
695 2391 712 2432 a
728 2389 761 2432 se
769 2395 779 2444 3
801 2369 831 2430 in
851 2388 915 2454 quo
931 2369 1045 2431 conri-

144 2476 235 2522 netur
251 2461 329 2523 ratio
346 2456 510 2526 snfticiens·
526 2461 711 2528 existentiae
733 2457 839 2521 mundi
856 2455 944 2520 liuius
964 2456 1044 2520 ads·
1126 2513 1127 2534 2

143 2544 326 2628 pectabilis3
353 2571 430 2637 ergo
451 2550 539 2615 Dens
560 2549 676 2615 existit.
700 2543 805 2608 Maior
833 2561 880 2608 est
896 2544 1041 2609 delinitio
1126 2561 1127 2612 t

142 2635 296 2712 nominis,
312 2658 395 2722 qnae
412 2631 442 2700 in
456 2637 702 2702 controversiam
716 2632 825 2697 vocari
841 2653 905 2694 non
922 2650 1042 2724 potest.

143 2717 253 2783 Minor
267 2722 510 2792 demonstratur.
527 2724 666 2792 Mundus
684 2713 907 2804 adspectabilis
923 2736 970 2783 est
984 2741 1041 2784 ens

143 2802 184 2866 ab
203 2807 281 2885 ali0;
305 2811 360 2873 sed
375 2833 428 2874 ens
445 2811 484 2875 ab
500 2810 561 2876 alio
578 2808 754 2875 nonhabet
773 2807 925 2870 tationem
947 2807 1042 2873 suffi-

141 2891 275 2968 cientem
295 2898 477 2972 existentiae
501 2919 595 2974 suae,
620 2899 676 2962 nisi
698 2899 729 2961 in
756 2912 860 2958 entes
886 2913 941 2965 ses
964 2915 1039 2981 ergo

174 2980 244 3046 istit
263 3005 317 3048 ens
332 3003 416 3063 ase,
436 2985 468 3050 in
492 3006 557 3072 qno
577 2987 758 3054 continetur
780 2984 867 3050 tatio!
882 2976 1037 3047 sussiciens
