2300 3506
292 261 375 312 rrnt
400 255 415 308 r
441 251 605 311 tuereris.
629 245 707 310 ott.
730 261 757 309 r.
792 313 797 324 ,
901 249 941 339 4)

94 343 200 410 tent,
215 349 324 400 omnes
354 333 519 399 bominum
542 333 660 398 animas
676 331 795 421 absque
808 349 945 420 corpure

101 419 201 487 fuisse
221 443 238 486 a
260 423 333 490 Deo
358 423 535 512 perductas
547 467 558 502 ,
581 423 681 488 instat
702 422 897 510 Angelorum
914 421 946 488 in

104 511 242 588 mundo,
269 531 306 576 ut
327 530 466 590 uocant,
488 507 714 600 intelligibili,
733 529 851 598 easque
867 531 948 598 per-

105 617 199 666 verso
230 599 382 664 libertatis
411 621 488 666 suae
516 620 577 664 usu
605 599 638 662 in
665 619 757 663 suurn
781 615 945 666 auctorem

99 708 273 772 peccasse,
297 689 437 776 ideoque
451 690 483 754 in
499 685 580 752 hanc
594 690 689 751 vitant
703 686 885 776 ablegatus,
911 688 946 756 dt

101 775 132 840 iu
155 799 299 864 corpora
321 780 418 866 tnagis
444 779 587 842 minusve
603 774 742 863 Perfecta
761 798 820 864 pro
833 777 946 864 gravi-

94 881 169 930 tate
185 867 378 954 flagitiorum
391 905 401 942 ‚
415 885 578 952 tamquam
593 866 624 927 in
641 865 803 952 portarier
819 883 851 930 et
865 865 946 933 fluc-

98 969 232 1020 tuantes
253 956 413 1042 quosdam
436 975 573 1018 carceres
597 954 765 1033 detrusas,
786 957 850 1018 suis
872 973 945 1021 ran-

96 1042 177 1107 clem
200 1061 277 1128 post
304 1061 430 1107 certum
456 1059 577 1126 ternpus
592 1043 726 1128 cupiatis
745 1041 940 1124 criminibus,

100 1133 143 1194 ad
167 1131 300 1194 coelum
318 1130 484 1196 redituras.
501 1127 658 1196 Praeterea
674 1129 884 1206 adserebant,
900 1153 945 1196 o·

101 1219 203 1282 rniurn
227 1239 327 1285 rerunt
349 1218 532 1284 notionibus
556 1219 672 1286 animas
701 1220 844 1286 imbutas·
864 1217 945 1285 fuis-

97 1325 159 1385 se,
183 1328 269 1406 quae
292 1309 420 1396 quidem
443 1308 609 1386 notiones,
634 1311 840 1396 postmodum
863 1331 943 1374 cot·

95 1399 190 1482 poris
217 1401 409 1486 contagione
436 1396 638 1484 perturbatae
671 1415 706 1464 et
739 1398 941 1480 obliteratae,

98 1485 143 1550 ita
170 1486 383 1576 languebant,
407 1503 442 1550 ut
464 1485 539 1551 inde
559 1487 645 1549 nulla
664 1489 695 1551 in
724 1509 831 1553 ruente
858 1509 944 1576 cog*-

97 1575 181 1637 uirio
207 1577 285 1640 oriri
315 1583 444 1663 posset,
474 1574 531 1638 nisi
560 1573 669 1639 labore
679 1620 691 1654 ,
719 1579 850 1654 studio,
890 1578 944 1640 in..

103 1661 225 1726 dustria
242 1708 254 1742 ‚
270 1683 436 1750 rerumque
465 1661 657 1729 sensibilium
685 1665 798 1726 intuitu
819 1663 944 1732 excita-

100 1759 160 1813 tae
188 1751 332 1836 pristinas
355 1752 552 1840 cognitiones
567 1752 719 1831 inurente
735 1753 846 1817 iterum
862 1773 944 1840 pro-

103 1835 281 1918 ducerent,
302 1861 383 1928 quae
403 1840 537 1928 proinde
556 1842 697 1928 cognitio
718 1861 783 1906 nort
802 1843 942 1922 scientia,

103 1923 162 1989 sed
186 1930 296 2014 potius
315 1932 556 1994 ¹reminiscentia
570 1930 713 1995 dicenda
737 1928 833 1996 foret.
858 1931 942 2002 Vn'-

98 2013 143 2079 'de
164 2017 252 2104 apud
267 2019 448 2108 platonicos
461 2015 729 2084 celebie'effaturn
741 2045 748 2084 r
761 2027 847 2088 scire
855 2017 942 2087 'not'-

96 2117 260 2170 trumett
281 2109 456 2171 reminisci.
570 2115 594 2130 ''
631 2117 634 2126 '
696 2117 699 2124 ⁴
926 2113 932 2134 ‘

96 2223 101 2236 ·
168 2193 372 2284 Pythagorici
404 2193 738 2272 addebant‚·easdem
766 2196 884 2261 animas
920 2197 940 2264 it

96 2281 292 2369 corporibus
312 2283 542 2350 intereuntibus
566 2286 596 2346 in
622 2283 685 2346 alia'
712 2303 854 2362 recenter
880 2308 941 2374 ge-

93 2370 162 2434 nita
176 2374 406 2462 transmigrare.
423 2373 506 2435 Hinc
520 2385 801 2460 metempsycoseos
816 2373 940 2458 opinio,

95 2459 150 2522 vel
173 2462 285 2546 potius
296 2462 465 2548 ,opinionis
480 2477 674 2538 monstrum,
692 2460 779 2523 cuius
795 2481 859 2523 uon
875 2477 940 2528 tant

97 2565 214 2612 auctor
230 2548 290 2614 fuit
306 2549 504 2638 Pythagoras
518 2593 528 2628 ‚
544 2569 637 2635 quarn
654 2560 875 2638 propagator,
892 2563 941 2614 ut·

98 2639 182 2718 p'ore
204 2639 279 2724 qui,
300 2654 383 2704 teste
407 2635 556 2700 Diodoro
573 2638 700 2719 siculo‘,¹
721 2641 937 2705 commetitutti

95 2721 186 2787 istud
209 2728 248 2789 alt
271 2726 433 2815 aegyptiis
455 2723 616 2790 hauserat.
647 2751 649 2758 ¹
683 2747 700 2760 ¹¹
764 2756 766 2768 =
818 2751 821 2760 ¹
922 2731 925 2744 '

128 2809 194 2875 tl.
239 2813 411 2903 Epicurei,
433 2813 665 2900 nihil‘2orntiino
679 2814 719 2877 *ib
749 2814 810 2878 lrac
834 2819 938 2892 rerunt

95 2901 450 2990 universitatettraeter
486 2905 587 2988 inane
604 2919 637 2966 et
665 2915 790 2965 atomos
819 2903 942 2983 exsard,

94 2987 262 3058 irlsosibi
281 2991 767 3082 persuadebant-,enumerate
791 2987 939 3078 substani-
