2270 3416
152 143 229 198 200'
449 143 635 198 tttst'trvr.
659 145 796 194 turcos.
936 205 940 210 Ι

219 211 302 285 In'st.
321 237 350 282 t.
362 213 498 286 Creatio
512 221 605 284 unico
630 219 755 282 instanti
772 217 970 303 perficitur,
989 237 1077 280 cun-

133 321 138 330 '
153 310 291 374 servatio
302 329 406 374 autern
422 310 562 396 pertinet
575 307 616 372 ad
630 306 796 394 sequentia
808 307 1002 384 instantia,
1016 307 1078 370 du·

153 413 268 484 ratque
291 418 347 482 per
378 401 608 464 successionem
635 396 814 482 temporis;
847 417 929 482 ergo
944 415 1075 462 creatio

152 500 184 549 et
206 488 406 550 conservatio
423 486 542 554 directa
557 507 620 550 nort
634 504 707 549 suut
723 483 834 548 eadem
849 488 950 548 actio.
968 483 1072 570 Resp.

152 572 226 639 dist.
241 591 305 638 ant.
320 575 464 652 ,creatio
492 593 662 662 spectata,
685 588 720 636 ιιι
736 573 815 637 dans
832 574 1071 660 primamexis·

152 663 284 728 tentiam
319 681 508 742 creaturae,
536 666 633 729 uuico
652 663 777 726 instanti
803 664 975 748 perficitur
987 709 999 740 ,
1024 661 1068 726 C.

152 768 219 816 ant.
243 769 415 838 spectata,
439 770 474 818 ut
497 753 580 818 actio
588 797 605 838 ‚
622 771 703 838 quae
727 769 898 838 conservat
916 751 1067 816 creaturis

151 840 428 905 existentiarum
455 835 591 918 datam,
619 839 666 904 N.
681 857 746 904 ant.
769 857 909 904 etcons.
936 840 1069 926 Creatio

100 960 102 966 s
150 927 323 1031 generatim
351 947 398 994 est
412 930 497 994 acrio
519 930 599 994 dans
614 927 815 993 existentiam
830 945 1006 996 creaturae
1019 929 1065 992 si-

102 1013 116 1032 *
154 1037 195 1081 ve
211 1015 242 1081 in
256 1017 360 1120 primo
375 1018 440 1082 sive
452 1016 616 1083 institero
608 1018 758 1092 tristanti3
771 1019 892 1081 creatio
908 1037 1065 1106 quatenus

155 1105 233 1172 dans
251 1105 450 1172 existentiam
473 1127 640 1172 creaturae
654 1107 684 1169 iu
700 1104 801 1192 primo
816 1106 951 1171 instanti
967 1127 1070 1194 ‚per-

152 1195 259 1261 ficitur
283 1197 378 1258 unico
392 1195 544 1271 instantit
562 1213 718 1282 quatenus
733 1215 812 1259 vero
828 1195 910 1258 dans
924 1199 1068 1260 existen·

155 1287 232 1348 tiam
248 1284 280 1344 in
294 1284 435 1348 secundo
448 1301 479 1348 et
493 1283 713 1370 sequentibus,
726 1303 790 1346 non
804 1285 969 1370 perficitur
984 1300 1064 1347 tem·

138 1374 244 1460 poris
278 1391 410 1458 puncto.
438 1370 554 1474 Itaque
579 1372 810 1451 conservatio,
835 1375 986 1460 quamvis
1010 1372 1064 1438 diu

155 1460 354 1548 multumque
379 1461 497 1539 duret,
523 1459 585 1524 dici
611 1478 720 1548 potest
745 1461 875 1526 creatio.

172 1549 306 1616 Inte.
351 1573 378 1615 a.
416 1549 566 1615 Absurde
606 1549 791 1628 diceretur,
829 1550 941 1615 Deum
979 1571 1062 1614 nunc

152 1659 263 1705 creare
287 1637 461 1716 mundum
486 1659 562 1726 ergo
578 1640 696 1704 creatio
713 1637 819 1704 differt
839 1653 1062 1704 aconserva-

154 1729 253 1793 tione.
270 1726 370 1814 Resp
387 1727 460 1791 dist.
473 1747 538 1791 ant.
554 1725 691 1792 absurde
711 1727 1064 1793 diceretnrsecundum

94 1862 96 1868 .
155 1815 439 1902 usumloquendi,
471 1817 512 1881 C.
529 1833 595 1880 ant.
613 1819 772 1903 ‚proprie
795 1817 1063 1904 etphiiosophice

154 1905 212 1992 loq
217 1905 345 1982 nend0‚
362 1903 407 1970 N.
423 1923 488 1970 ant.
517 1923 548 1972 et
573 1925 662 1968 cons.
691 1906 784 1974 Vsus
798 1903 956 1992 loquendi
971 1907 1063 1971 obtt

155 1996 251 2072 nuit',
271 2013 307 2059 ut
333 1993 418 2058 actio
435 2015 520 2081 ,qua
537 1994 623 2059 Deus
639 1993 694 2058 dat
717 1994 918 2059 existentiam
934 2013 1058 2060 crearu-

156 2081 220 2158 ris,
237 2100 403 2164 vocaretur
424 2084 542 2148 creatio
558 2127 567 2161 ,
582 2083 712 2168 quando
727 2079 859 2148 refertur
875 2084 917 2148 ad
930 2086 1056 2170 primam

156 2169 380 2247 existentiam
408 2187 439 2237 et
473 2172 671 2237 conservatio
696 2171 906 2262 appellatur,
932 2173 1061 2274 quando

157 2276 321 2347 spectatur
347 2259 377 2323 in
410 2259 519 2324 ordine
546 2258 587 2322 ad
622 2277 878 2346 perseverantem
916 2261 1058 2325 existen-

157 2349 257 2426 tiam,
279 2349 350 2412 licet
377 2365 514 2435 utraque
535 2349 634 2426 actio·
643 2349 683 2414 sir
711 2349 850 2416 eiusdem
867 2348 1057 2442 generisseu

159 2438 267 2527 potius
296 2435 408 2505 eadem
436 2436 643 2540 operatio..
1017 2471 1020 2478 ·

370 2676 377 2689 .
430 2607 709 2686 ARTICVLVS
736 2612 783 2682 ΙΙ.

352 2759 360 2762 ᾖ
392 2788 449 2857 De
476 2790 551 2858 Deo
567 2793 676 2880 primo
701 2777 831 2859 motare.

4 3009 5 3024 ,
104 3010 106 3014 ,
628 2965 657 3032 Ι.

4 3039 5 3055 ’
164 2980 372 3117 creatur-re
399 3054 571 3140 pendente
599 3053 672 3124 Deo
688 3078 752 3126 non
776 3073 898 3124 tautum
910 3047 1057 3142 ,utsiut
