2298 3418
226 160 311 208 tans
332 159 389 205 ιιι.
413 155 581 206 moroan.
601 155 675 208 ost.
700 158 725 204 ι.
842 159 903 226 ιος

19 229 21 332 j
71 233 186 323 primae
215 233 333 320 figurae
359 233 421 292 vim
448 247 535 293 suam
566 227 744 294 immediate
775 225 816 294 ab
844 249 906 294 eoa

19 335 20 396 l
72 325 144 388 dent
160 319 315 408 principio
329 316 504 390 hauriunt3
535 319 753 383 ceteriaurem
771 317 908 386 mediare

73 428 216 488 tanturn,
247 418 361 494 utpote
388 405 430 470 ad
453 405 585 492 primam
610 407 740 494 liguram
768 407 905 472 reducti.

73 499 189 586 Neque
218 497 269 562 hic
293 498 405 562 iterum
430 495 494 558 sine
517 493 621 580 aliqua
646 496 740 560 laude
766 513 906 582 praetet-

72 588 193 652 missam
223 588 299 650 volo
329 584 522 650 utilissimam
552 582 808 648 scholasticorum
843 585 908 650 lin·-

72 698 173 764 guam.
204 673 367 742 Vtilitatis
398 671 525 736 unicurn
553 671 732 761 exemplum
767 672 909 740 afferam.

72 766 190 829 Primus
207 762 322 830 modus
338 760 498 826 secundae
515 760 633 848 figurae
649 761 763 828 dicitur
776 763 805 828 C
819 807 830 840 ,
858 761 907 844 E,

72 852 118 932 St,
146 853 204 930 A,
231 849 284 918 rE
297 873 313 930 ,·
339 851 459 916 litterae
473 849 693 937 significativae
707 865 781 916 sunt
798 851 841 929 C,
860 851 907 932 E,

73 941 111 1020 S,
126 941 181 1021 A,
199 937 231 1006 E
242 963 257 1016 ;
272 958 332 1006 tres
347 937 472 1003 vocales
484 937 671 1026 indigitant,
687 960 699 998 s
730 939 909 1027 llogismum

73 1049 218 1097 constare
232 1027 332 1094 tribus
345 1025 630 1116 propositionibuss
645 1049 681 1092 or
708 1029 908 1096 olirrerarnm

19 1127 20 1136 ’
74 1119 216 1186 ordinem
228 1117 504 1206 propositionum,
516 1117 637 1184 litterae
653 1118 910 1207 propositionum

19 1245 29 1276 ,-
76 1207 284 1293 quantitatem
299 1225 330 1272 et
344 1207 531 1300 qualitatem
548 1207 733 1294 significant.
751 1207 909 1272 Nimirum

76 1295 108 1362 E
133 1296 236 1383 primo
259 1297 332 1360 loco
352 1315 524 1361 occurrens
544 1295 687 1373 indicat,
713 1299 912 1386 propositio·

75 1405 142 1450 nem
165 1383 314 1450 maiorem
329 1404 394 1450 esse
416 1383 622 1450 universalem
637 1387 724 1470 quod
738 1385 778 1450 ad
800 1407 909 1474 quan-

76 1473 219 1550 ritatem,
241 1490 273 1539 et
289 1474 463 1560 negativam
477 1470 567 1558 quod
583 1471 623 1538 ad
635 1471 837 1559 qualitatem:
857 1475 910 1540 lit-

78 1579 138 1626 tera
154 1560 189 1626 A
205 1561 317 1628 ordine
337 1560 477 1626 secunda
495 1559 676 1647 significat,
706 1561 911 1651 propositio·

77 1671 142 1714 nem
158 1651 311 1716 minorem
327 1669 414 1727 esse,
430 1647 519 1735 quod
535 1647 575 1713 ad
591 1648 818 1736 quantitatem,
836 1651 911 1713 uni-¹

78 1741 225 1804 versaleur
235 1741 244 1815 ,
256 1756 290 1804 et
304 1737 393 1828 quod
408 1737 448 1802 ad
461 1736 665 1824 qualitatem,
682 1735 910 1805 affirmativam.

19 1847 20 1852 ¹
60 1876 62 1878 -
79 1825 199 1894 Deinde
211 1826 312 1894 littera
326 1825 359 1892 E
375 1827 468 1892 tertio
482 1826 554 1892 loco
568 1828 669 1915 posita
680 1827 818 1906 indicat,
832 1847 912 1894 con·

80 1917 246 1990 elusionem
261 1915 355 1982 huius
369 1914 565 2004 syllogismi,
581 1917 670 2004 quod
687 1917 727 1982 ad
743 1916 911 2006 quantita*

79 2018 160 2082 tem,
178 2025 248 2070 esse
260 2003 494 2083 universalem,
511 2021 542 2068 et
554 2007 644 2092 quod
656 2004 697 2070 ad
712 2006 912 2092 qualitatem,

78 2093 263 2181 negativam.
291 2092 412 2158 Littera
429 2092 550 2156 initialis
567 2092 615 2170 C,
644 2115 727 2180 quae
742 2096 850 2160 eadem
863 2111 912 2160 est

78 2201 148 2247 cum
185 2180 291 2248 littera
318 2180 426 2246 initiali
456 2180 541 2244 modi
575 2179 723 2246 celarent
754 2185 784 2245 in
815 2183 915 2268 prima

78 2269 174 2356 figura
190 2316 202 2349 ‚
231 2269 357 2347 innuit,
389 2269 610 2360 syllogismum
640 2269 726 2333 hunc
757 2271 915 2340 secundae

19 2429 20 2432 Ἴ
79 2357 192 2445 figurae
214 2358 259 2424 ad·
273 2357 405 2445 primam
425 2356 594 2424 reductum
608 2379 675 2424 esse
695 2359 727 2421 in
743 2361 840 2424 modo
858 2383 916 2426 ce*

20 2491 21 2496 η
79 2443 198 2513 latent.
229 2445 352 2513 Littera
383 2446 411 2512 S
439 2445 622 2534 significat,
660 2448 915 2538 propositionem
995 2510 997 2514 .

19 2535 21 2572 ²
79 2537 226 2602 maiorem
247 2525 434 2618 vertendam
452 2555 516 2600 esse
537 2536 746 2624 simpliciter,
779 2555 815 2603 ut
829 2538 930 2602 scili·¹

19 2641 21 2692 ί
81 2639 128 2688 cet
147 2624 366 2713 praedicatum
381 2643 414 2690 et
440 2621 613 2688 subiectum
631 2627 765 2693 invicem
782 2635 916 2716 perinu-

81 2725 193 2776 tentur.
225 2711 312 2792 Quia
334 2730 439 2778 autem
461 2711 605 2776 vocalem
631 2715 665 2778 A
690 2716 776 2780 nulla
798 2716 918 2805 excipit

80 2817 257 2866 consonans
271 2801 474 2890 significativa
488 2845 498 2879 ,
514 2800 587 2868 inde
604 2801 811 2892 intelligitur,
842 2829 918 2891 pro·
1007 2883 1009 2888 Α

80 2891 269 2972 positionem
294 2891 447 2957 minorem
475 2891 506 2954 in
532 2891 721 2958 reductione
744 2892 920 2980 syllogismi
