2246 3412
272 78 359 134 ms
373 77 587 140 :tt-mm·
610 78 690 130 GMe
711 77 764 126 Π.
908 83 978 158 239

75 153 169 239 alltet
184 154 277 222 sentit
295 147 456 218 machinae
471 167 603 230 auctor,
630 150 681 214 cui
696 146 807 238 operia·
820 149 866 218 tui
883 153 978 224 adeat

76 241 147 312 idea
172 243 339 318 distincta,
363 260 428 323 quo
452 242 586 326 partium
612 236 736 306 illarum
766 260 841 306 usur
862 263 979 312 omnen

77 349 285 417 mutuamque
306 327 489 402 relationem
510 327 666 414 perspicit.
977 377 981 393 .

92 463 122 490 .;
146 419 307 486 Praeterea
325 417 397 481 licet
413 433 576 482 creaturae
599 435 707 480 omnes
721 414 845 500 divinae
861 417 978 488 tubia-

76 525 172 588 qeaut
199 504 442 594 providentiaea
475 526 546 592 erga
568 501 709 572 homin'es
734 522 863 586 tamen,
891 532 977 599 quor

74 594 167 663 Deus
183 614 232 662 tot
248 613 278 662 et
295 593 389 660 tantis
405 593 576 658 cumulavit
604 591 764 674 beneficiis
774 641 785 673 ,
809 596 915 686 lunge·
929 600 982 662 il..v

72 681 204 752 lustriut
218 685 322 752 clucet
336 682 440 750 divina
454 679 663 770 providentio.
680 681 834 752 Adlatum
844 685 875 750 S.
893 686 981 754 Hie..

74 773 205 862 rnnymi
222 789 341 839 textum
357 772 399 836 ita
411 771 548 860 explicat
561 772 627 858 ipse
643 769 674 836 S.
699 769 824 838 Ductor
838 777 872 840 in
894 797 981 865 cap„

73 880 104 942 ζ.
136 859 349 930 Habacnch:
378 882 439 926 nort
458 863 558 926 simut
578 863 642 926 'tan
654 857 757 940 fatri
776 860 983 933 adulatorem

74 947 166 1032 Dei,
197 965 235 1014 nt
262 947 340 1018 dum
352 950 532 1038 potentiam
550 948 620 1014 eius
638 950 738 1013 etiam
752 947 801 1014 ad
811 953 878 1016 ima
905 953 983 1020 de-.

74 1035 262 1120 trahimus,
291 1040 323 1104 t'n
340 1040 497 1126 nosipsos
511 1037 659 1115 iniuriosi
672 1040 799 1118 simus,
822 1040 984 1110 eamdem

76 1124 327 1222 qatiaaabr'lium
354 1145 454 1216 qaam
486 1122 763 1192 irrationabilium
788 1127 974 1216 prouiden-

77 1217 162 1294 tiam
189 1238 278 1294 aare..
305 1212 462 1282 dicentes.

90 1349 97 1382 ,.
146 1303 271 1370 Obiect.
302 1321 333 1390 5.
360 1303 389 1366 Si
407 1315 537 1378 eventus
548 1319 657 1367 omnes
667 1300 698 1366 in
712 1301 857 1370 universa
869 1326 974 1390 rerum

80 1391 160 1456 terit
170 1413 225 1479 per
238 1390 376 1456 divinant
391 1388 622 1478 providentiam
636 1391 802 1458 constituti
817 1395 877 1460 sint
884 1443 897 1474 ,
910 1417 974 1462 ra-

79 1499 120 1564 na
143 1481 270 1555 omnino
296 1477 539 1546 essethumana
562 1477 760 1566 providentia
781 1480 973 1570 privataque

79 1565 275 1637 sollicitudo.
306 1566 465 1644 Inutiliter
481 1565 611 1633 omnino
626 1585 701 1632 vota
723 1588 898 1656 precesque
912 1593 979 1638 stt-i

80 1677 191 1743 premo
209 1655 325 1722 numini
341 1654 568 1724 funderentur:
585 1671 694 1720 mutua
707 1654 870 1722 hominum
888 1681 974 1726 con-

81 1744 147 1810 silia
171 1765 267 1832 atque
293 1743 491 1812 hortamenta
514 1763 642 1834 prorsus
668 1741 772 1809 forent
798 1749 971 1834 superfluat

81 1827 193 1898 frustra
208 1833 337 1898 omnino
349 1834 560 1902 conderentur
576 1833 680 1921 leges,
698 1833 874 1920 inutilisque
886 1835 971 1903 foret

77 1919 180 1985 ¹omnis
196 1943 271 1986 cura
285 1920 375 2008 vitae:
386 1941 420 1988 et
433 1917 622 1990 v'aletttdinis
636 1946 645 1984 r
660 1939 756 2010 atque
768 1921 972 1992 induceretur
1048 1967 1053 1970 -
1077 1935 1079 1944 '

68 2007 187 2090 fatum
197 2008 454 2078 mahometanum
469 2009 731 2102 itaappellatum,
747 2011 835 2098 quod
848 2032 978 2094 turcae„

80 2101 328 2184 praesertimque
351 2099 480 2178 milites,
506 2099 578 2166 huic
595 2097 791 2180 fatalitatis
812 2101 973 2192 principio

78 2206 164 2266 tuam
180 2187 304 2252 vivendi
321 2188 474 2254 rationem
496 2189 695 2253 conformare
718 2189 851 2256 soleant.
877 2193 971 2262 Tan-.

77 2273 151 2340 dem
167 2273 367 2362 providentia
383 2276 506 2355 divina,
523 2274 642 2366 quaein
654 2280 970 2348 causarumomniunt

78 2377 173 2450 atque
189 2363 333 2430 effectum
350 2383 509 2453 perpetuo
525 2386 610 2432 nexu
633 2365 793 2443 consistit,
821 2369 974 2440 miracula,
991 2402 993 2406 ·

77 2449 120 2516 de
146 2452 248 2518 medio
275 2453 410 2520 tolleret.
440 2453 643 2534 Hunc-enim
673 2469 788 2520 netum
818 2457 972 2526 miracula,

77 2537 287 2626 abrumpunt.
302 2543 400 2625 Atqui
412 2540 490 2608 haec
504 2542 698 2610 consectaria
710 2563 885 2632 repugnant
898 2568 972 2611 om-.

76 2628 165 2692 nino.
192 2629 277 2717 Ergo
302 2647 458 2718 repugnat
482 2631 588 2698 divina
609 2632 825 2722 providentia,
856 2636 975 2721 saltent·

76 2717 315 2804 qualisanobis
332 2719 458 2784 delinita
472 2738 529 2786 est.
849 2795 852 2800 .
919 2726 923 2767 l
969 2749 978 2769 ··

144 2805 242 2890 Resp.
261 2806 306 2870 N.
324 2807 394 2872 mai.
421 2827 450 2873 et
468 2808 509 2874 ad
526 2807 661 2896 singulas
676 2807 871 2896 probationis
895 2833 973 2900 par.
1028 2855 1030 2857 -

72 2911 120 2959 tos
150 2891 322 2960 facilis‘est
353 2898 528 2983 responsio.
567 2897 691 2964 Etenim
719 2917 1002 2986 percantaretur-s»
1024 2915 1038 2949 '·
1062 2945 1076 2955 --

73 2983 223 3082 consilia,
244 2983 443 3068 hortamenta
454 3009 520 3054 non
537 2983 651 3067 frustra
665 2989 764 3069 fiunt,
779 3009 883 3078 neque
899 2991 970 3066 inu·
