2298 3418
225 157 288 210 202
418 189 421 198 ·
468 159 829 212 rusrl’rvramlms·
899 173 904 182 '

214 231 269 314 qui
283 231 377 300 estio
394 233 493 302 modo
510 229 649 300 diramis
666 277 677 310 ,
702 230 909 317 concluditur
922 255 937 312 ς·
958 254 1057 323 quos·

213 315 287 386 dam
309 321 451 392 homines
479 341 545 393 esse
575 339 713 399 avaros,
740 324 815 407 quia
844 338 918 388 sunt
941 322 1055 390 divites

213 409 322 489 avari3
354 434 432 502 ergo
457 432 527 478 esse
548 407 684 476 divitem
705 431 845 478 auarum
866 427 915 478 est
936 413 1057 477 medius

214 499 402 581 terminus,
436 519 468 568 et
502 489 587 564 inde¹
602 495 690 564 illico
721 516 810 587 patet
839 499 984 566 reductio
1014 499 1060 567 ad

203 586 345 660 ¹modurn
375 587 482 656 darii.
976 587 981 596 ’

212 711 231 734 s·
256 671 343 744 VII.
389 675 488 758 1114.
515 675 615 763 figura
642 675 667 742 si
691 675 791 741 maior
818 677 857 742 sit
880 673 1059 755 affirmaur;

212 761 314 828 minor
336 783 383 832 est
408 765 618 840 universalis3
645 764 669 828 si
694 767 796 830 minos
817 766 857 832 sit
878 762 1056 846 affirmans,

212 852 377 920 conclusio
392 873 443 922 est
455 851 651 944 particularis
665 875 677 931 ς
703 854 727 917 si
739 853 903 920 conclusio
919 875 1054 943 negans,

212 942 313 1006 maior
341 942 441 1012 debet
467 963 531 1011 esse
555 941 753 1009 universalis.
778 941 932 1030 Quinque
958 943 1057 1010 habet

213 1031 350 1111 modos,
374 1029 591 1121 baralipron,
614 1045 793 1112 canentes,
816 1029 979 1113 diruatis,
996 1030 1057 1114 fe·

211 1136 332 1208 parma
349 1166 358 1201 ,
378 1120 641 1202 fresisomorum.

284 1209 329 1274 Sir
351 1209 557 1300 syllogismus
574 1208 605 1270 in
625 1203 847 1296 baraliptcn:
873 1211 975 1274 omnis
994 1229 1063 1276 an-

208 1291 309 1384 gelus
333 1315 385 1364 est
412 1295 583 1387 spiritum
613 1292 677 1361 sed
706 1299 810 1362 omnis
838 1299 979 1386 spiritus
1009 1311 1063 1364 ese

213 1385 407 1454 substantia
422 1410 438 1465 ,·
460 1405 536 1476 ergo
549 1381 668 1476 aliqua
683 1386 878 1462 subsecutio
893 1401 943 1451 est
959 1389 1063 1452 omnis

105 1509 107 1512 ·
214 1471 356 1562 angelus
364 1497 379 1554 ‚·
397 1475 559 1542 reducitur
571 1474 613 1539 ad
626 1471 755 1538 modurn
765 1471 861 1542 darii
871 1472 935 1538 hoc
948 1473 1061 1540 modos

214 1564 315 1632 omnis
329 1565 471 1650 spiritus
482 1610 494 1643 ‚
517 1565 577 1652 qui
586 1576 636 1627 est
652 1560 815 1652 angelus,
838 1577 889 1628 est
903 1560 1062 1652 angelus5

214 1649 279 1716 sed
303 1650 422 1742 aliqua
442 1653 635 1718 substantia
657 1665 707 1716 ese
729 1652 897 1739 spiritus,
927 1654 988 1741 qui
1009 1666 1062 1720 est

214 1736 355 1828 angelus
370 1763 385 1819 ,·
412 1761 488 1829 ergo
505 1737 622 1828 aliqua
635 1739 829 1805 substantia
841 1753 892 1805 est
908 1737 1064 1828 angelus.

216 1826 335 1914 Vulgo
373 1828 536 1895 reducitur
572 1825 615 1892 ad
646 1826 777 1894 modurn
815 1828 963 1894 barbara
999 1825 1064 1894 hoc

216 1915 341 1980 modos
367 1919 468 1982 omnis
501 1917 641 2006 spiritus
672 1930 724 1982 est
755 1915 945 1982 substantia
958 1938 973 1992 ,·
1001 1916 1069 1984 sed

216 2007 318 2074 omnis
337 2003 476 2096 angelus
492 2019 542 2071 est
566 2005 738 2092 spiritum
768 2023 845 2156 “io
872 2008 973 2070 omnis
995 2028 1065 2082 an,-

211 2090 310 2181 gelus
340 2115 376 2161 es
401 2095 623 2171 substantia,
656 2091 743 2158 unde
774 2092 907 2158 inertur
937 2113 1062 2174 rursus,

217 2179 357 2268 aliquem
393 2183 605 2250 substantiam
641 2201 711 2247 esse
742 2181 902 2269 angelum.
931 2180 1064 2247 Reduci

219 2271 311 2340 stiam
331 2289 437 2361 potest
454 2271 524 2341 sicr
552 2271 658 2336 omnis-
668 2271 808 2358 spiritus
828 2285 879 2335 est
898 2273 1063 2336 substan-

219 2361 300 2438 tia;
330 2360 394 2428 ced
414 2359 464 2427 ali
487 2362 537 2426 uis
555 2355 694 2448 angelus
715 2371 766 2423 est
788 2359 929 2446 spiritus
939 2380 954 2434 ;
983 2377 1064 2448 ergo

220 2447 346 2538 aliquis
371 2380 510 2538 angeio
543 2461 594 2514 est
624 2448 815 2512 substantia
827 2469 842 2523 ;
872 2446 950 2513 haec
980 2449 1064 2514 enim

221 2538 387 2604 conclusio
414 2536 505 2603 alteri
528 2535 730 2624 aequivalere
762 2531 881 2624 aliqua
902 2537 1063 2602 substan·

169 2641 171 2646 '
221 2622 278 2692 tia'
296 2641 345 2692 err
368 2629 518 2716 angelus.
547 2627 593 2690 Sit
616 2622 818 2713 syllogismus
841 2625 873 2689 in
898 2621 1064 2690 canentes.-

222 2717 324 2780 omnis
356 2716 514 2803 ruperbia
541 2728 592 2781 est
623 2727 794 2796 peccatum
806 2735 822 2789 ,·
851 2709 916 2778 sed
940 2709 1067 2778 nullum

218 2818 468 2891 peccaturum
496 2823 575 2890 opus
608 2799 680 2864 Dei
688 2822 703 2876 ;
730 2820 806 2888 ergo
833 2797 960 2868 nullum
987 2823 1068 2889 opus

220 2891 297 2964 Dei
320 2907 372 2962 est
391 2893 565 2983 ,superbie
594 2886 774 2958 Reducitut
794 2889 837 2956 sic
864 2889 906 2956 ad
935 2891 1069 2956 modum
