2270 3416
252 145 338 198 unns
362 151 395 195 tt
416 151 575 198 Metron.
598 151 674 198 cat.
698 149 752 196 ιιι.
888 153 949 220 ιι]

26 214 220 302 ³?5imponit,
247 220 302 286 sed
339 219 581 310 hypotheticam
614 233 738 284 tantum
771 235 802 285 et
835 239 956 285 conse-

36 311 218 392 tenentem.
246 309 296 372 Ex
322 309 494 399 hypothesi
525 311 670 386 scilicet',
700 307 787 395 quod
816 325 959 394 ponatur
1052 325 1059 338 ⁸

26 392 201 458 “cultiorum
229 395 404 463 intellectus
430 399 606 474 iudicium,
636 400 715 482 poni
739 399 832 462 etiam
860 396 958 462 debet

32 481 228 562 :z-jvoiuotatts
257 485 475 551 determinatio
501 530 511 564 ‚
539 486 594 550 sed
625 485 771 549 absolute
807 485 960 572 suspendi

26 591 27 594 ¹
46 569 121 634 *vel
137 571 249 636 tantari
275 590 386 662 potest
409 573 485 638 illud
507 573 679 652 iudicium,
692 575 831 661 ideoque
850 590 881 638 et
900 595 959 638 vo·

30 654 185 723 ,ciuntatis
214 659 450 728 determinatio.

26 761 52 801 ,ὲ-
123 745 206 812 Inte.
225 771 257 836 5.
276 750 468 816 Necessaria
490 750 619 814 omnino
638 765 686 815 est
709 749 881 814 voluntatis
900 748 960 816 de·

26 847 45 893 a:
58 837 251 914 terminati03
271 831 295 902 si
311 839 407 902 homo
425 839 616 926 perlapsum
638 838 751 902 Adami
776 838 959 905 libertatern

31 923 250 1006 guperdidetit3
267 927 356 1012 atqui
374 949 413 991 ex
428 927 457 989 S.
479 929 616 1013 August.
633 929 666 990 in
682 925 861 989 ettcitrtdto
882 949 956 1012 cap.

33 1021 112 1096 :iga
143 1009 249 1076 Homo
268 1013 355 1080 male
379 1030 473 1078 triens
500 1013 601 1079 libero
625 1015 763 1077 arbitrio
786 1028 816 1076 et
843 1035 877 1076 se
900 1019 958 1104 ἰρ-

26 1119 34 1157 s.
61 1119 131 1159 sunt
154 1100 333 1187 perdidit,
363 1117 396 1167 rt
421 1107 527 1190 ipsum
550 1117 740 1192 peccantem
766 1117 880 1166 secuta
907 1115 959 1168 est

26 1187 172 1272 {agranis
196 1203 229 1251 et
255 1189 344 1255 dura
364 1189 526 1278 peccandi
551 1194 754 1265 necessita53
783 1209 857 1274 ergo
884 1191 956 1252 ani-

27 1289 44 1354 ις’
60 1293 108 1335 ma
123 1274 152 1338 in
171 1277 233 1340 suis
257 1277 459 1342 volitionibus
488 1295 520 1343 et
547 1277 748 1341 nolitionibus
771 1275 867 1341 libera
892 1299 958 1343 non

26 1383 39 1425 c
59 1380 115 1424 est.
145 1363 249 1452 Resp.
273 1369 344 1431 dist.
366 1369 438 1431 mii.
466 1369 489 1429 si
515 1367 612 1430 homo
634 1385 691 1450 per
719 1365 839 1450 lapsum
865 1366 958 1431 Ada-

59 1451 99 1511 mi
124 1449 304 1520 libertatem
335 1453 508 1540 perdiderit
535 1451 712 1538 simpliciter
741 1471 772 1518 et
799 1452 957 1532 absolute,

26 1575 38 1598 1·
59 1538 166 1622 quoad
216 1545 427 1619 essentiam,
476 1543 517 1606 C.
563 1542 669 1619 mai„
717 1539 756 1602 si'
781 1539 958 1606 libertatern

26 1653 38 1688 a·
59 1627 230 1710 perdiderit
270 1630 443 1695 secundum
481 1628 565 1718 qnid
598 1649 651 1693 seu
688 1627 795 1714 quoad
830 1651 958 1715 appen-

60 1711 160 1778 dicem
181 1763 191 1792 ‚
233 1714 296 1780 ltoc
344 1735 423 1796 est,
466 1717 572 1804 quoad
611 1737 762 1781 summam
800 1712 880 1781 bene
918 1739 956 1781 a·
1018 1747 1020 1752 ·

26 1821 33 1863 ί
61 1802 149 1885 gendi
167 1803 371 1886 facilitatem,
387 1827 481 1890 qnam
498 1805 633 1869 habebat
651 1805 791 1868 Adeamus
814 1805 844 1868 in
871 1822 955 1869 statu

26 1911 31 1950 t
61 1887 281 1970 innocentiae,
307 1895 352 1957 N.
370 1896 466 1970 mai,
490 1909 521 1958 et
538 1894 675 1958 similiter
700 1891 857 1978 explicata
881 1893 956 1960 mitt.

26 2028 29 2036 ,,
60 1973 104 2039 Ν.
120 2001 208 2046 cons.
229 1981 374 2046 Essentia
392 1981 477 2046 liberi
504 1982 620 2046 arbitrii
634 1995 680 2046 est
692 1979 902 2045 indifferentia
924 2003 958 2046 a·

59 2065 140 2132 crisa
159 2069 200 2132 ad
220 2070 375 2155 agendum
401 2071 451 2135 vel
474 2091 539 2134 non
562 2070 744 2156 agendurn‚
770 2091 852 2156 quae
880 2087 957 2154 post

60 2153 174 2220 Adami
194 2157 317 2240 lapsum
340 2158 495 2223 remansit.
514 2158 690 2242 Appenditt
707 2179 783 2220 vero
806 2155 957 2220 libertatis
1008 2165 1012 2178 '

61 2259 106 2304 est
125 2240 258 2307 facilitas
282 2267 401 2310 summa
419 2263 502 2310 recte
520 2245 652 2332 agendi,
679 2265 772 2329 quam
797 2263 854 2329 per
879 2263 958 2328 pec·

59 2346 164 2394 catum
183 2331 281 2394 homo
301 2329 436 2420 perdidit
461 2331 604 2416 subditus
629 2331 703 2420 iugo
726 2329 958 2416 concupiscen-

58 2417 141 2494 tiae,
166 2422 306 2504 quamvis
329 2419 603 2507 concupiscentiae
627 2417 763 2482 motibus
782 2421 958 2486 consentire

59 2505 109 2568 vel
134 2505 297 2574 dissentire
325 2509 434 2595 possit.
460 2509 546 2572 Dicit
563 2524 666 2572 antem
685 2507 714 2571 S.
736 2509 871 2595 August.
894 2507 958 2572 lto'-

58 2594 170 2658 minem
189 2595 312 2682 lapsum
337 2619 375 2662 ex
397 2601 480 2684 gravi
503 2597 688 2661 necessitate
712 2601 864 2680 peccare,
882 2599 967 2680 quia¹

59 2683 336 2770 concupiscentiae
372 2684 527 2750 illecebris
557 2705 646 2770 aegre
680 2683 820 2759 resistit,
861 2700 892 2748 et
925 2686 956 2747 in

60 2769 162 2833 multis
186 2770 316 2836 offendit
340 2773 401 2849 ita,
423 2791 457 2836 ut
474 2789 576 2836 tamen
602 2771 697 2856 possit
715 2771 862 2836 resistere.
879 2772 957 2840 Vn·

59 2853 98 2920 de
111 2857 162 2920 illa
177 2861 342 2924 necessitas
359 2883 422 2924 non
439 2879 485 2924 est
501 2861 647 2923 absoluta
662 2877 693 2924 et
711 2859 841 2946 proprie
858 2859 955 2937 dicta,

59 2945 111 3008 sed
134 2945 305 3034 improprie
332 2965 461 3034 accepta
487 2969 545 3034 pro
566 2969 677 3035 magna
700 2945 884 3011 difficultate
903 2965 956 3010 seu

58 3049 116 3120 pro
134 3037 315 3103 necessitate
338 3036 448 3103 morali
468 3057 533 3100 non
556 3055 661 3102 autern
675 3033 819 3124 physica.
835 3033 956 3100 Eadem
