2258 3428
244 106 311 177 160
486 121 673 188 rusurrvr.
702 121 836 186 emtor.
924 156 927 171 .

243 195 421 262 subiectum
450 207 545 282 atque
565 192 799 283 praedicatum,
823 189 1073 282 necquidquam

244 283 279 350 in
305 303 447 370 utroque
467 283 624 350 immutati
647 283 781 364 debere,
803 305 839 348 ac
861 283 996 371 proinde
1017 282 1073 347 sin·

244 373 338 461 gulos
367 372 517 438 terminos
544 374 575 434 in
609 374 718 438 eadem
752 373 978 462 significatione
1014 393 1075 438 esse

245 459 456 534 adhibendos.
483 462 513 526 Si
541 460 621 528 enim
647 461 678 526 in
703 461 827 528 diversa
854 460 1076 551 significatione

246 549 466 636 accipiantur,
492 566 548 616 aut
578 549 879 638 ampliuseamdem
904 573 971 617 rent
995 546 1077 637 signi·

245 638 408 716 ficabunt,
449 659 487 702 ac
524 639 657 726 proinde
698 660 755 705 nec
782 639 983 718 subiectum,
1022 656 1075 703 nec

168 729 170 734 ’
246 726 468 817 praedicatum
492 725 573 792 idern
597 743 654 793 est.
678 729 771 793 Simili
794 729 891 792 modo
918 730 942 794 si
965 723 1078 816 aliquid

247 816 395 882 subiecto
429 817 649 904 propositionis
692 815 871 882 affirmantis
915 839 979 882 non
1025 814 1075 879 nisi

248 903 307 995 pub
334 921 420 970 certa
446 905 633 971 conditione
656 907 824 984 convenit,
850 921 883 970 ot
908 905 943 970 in
963 924 1075 992 propo·

246 994 360 1074 sitione
387 1011 521 1082 negante
549 994 658 1060 eadent
682 994 824 1060 conditio
849 993 1007 1060 omittitur
1032 989 1075 1056 rei

245 1083 449 1159 immutatum
487 1081 615 1148 evidens
651 1100 721 1159 est,
749 1083 1000 1171 propositiones·
1019 1100 1073 1144 non

246 1193 314 1238 esse
338 1169 473 1258 amplius
497 1171 677 1258 oppositas.
697 1172 849 1238 Conditio
864 1173 948 1239 enim
963 1169 1012 1235 ilia
1025 1168 1073 1232 de·

244 1261 393 1326 terminat
420 1257 551 1324 subiecti
576 1277 713 1334 statum,
751 1261 782 1324 in
819 1282 886 1348 quo
926 1255 1073 1349 praedict·

244 1366 314 1414 tum
350 1347 452 1412 eidem
486 1344 627 1414 subiecto
662 1346 759 1432 tribui
790 1364 918 1436 potest,
944 1366 975 1414 et
1011 1344 1072 1410 ideo

245 1435 454 1512 ommissuvel
467 1451 585 1502 mutata
597 1435 799 1515 conditione,
813 1438 989 1504 subiectum
1002 1435 1071 1500 idern

186 1589 188 1594 .
246 1547 312 1592 non
335 1541 484 1592 remanet.
507 1525 545 1589 E.
569 1549 599 1612 g.
625 1523 858 1612 propositiones
874 1527 970 1593 istae:
985 1523 1069 1590 omnis

247 1613 337 1704 lapis
352 1611 496 1690 ¹calidus
524 1613 700 1696 calffacit:
723 1617 823 1680 omnis
844 1613 936 1704 lapis
955 1635 1012 1702 ηοῃ
1028 1630 1070 1674 ca·

244 1703 388 1786 defecit,
414 1725 479 1768 non
500 1717 574 1766 sunt
599 1703 774 1791 oppositae.
798 1703 944 1772 Similiter
964 1700 988 1766 si
1007 1715 1066 1764 cet-

246 1811 299 1858 tus
325 1791 455 1877 qnidam
479 1790 595 1876 gradus
616 1791 728 1858 caloris
749 1790 781 1856 in
803 1791 909 1881 lapide
931 1789 1069 1858 admitta-

245 1899 301 1946 tur
333 1879 373 1944 ad
407 1875 656 1944 calefaciendum
693 1881 968 1968 inpropositione
993 1872 1069 1940 ufir·

246 1969 384 2047 mativa,
411 1966 493 2030 idem
518 1989 646 2053 quoque
672 1969 885 2035 admittendus
908 1989 955 2037 est
976 1967 1005 2030 iu
1025 1982 1070 2026 ne-

245 2060 377 2148 gativa,
403 2057 427 2120 si
452 2056 617 2142 oppositae
642 2078 708 2123 esse
735 2055 880 2125 debeant.
907 2055 1006 2128 Vnde
1031 2049 1069 2122 fit,

242 2166 284 2215 ut
312 2146 351 2212 de
375 2145 581 2233 oppositione
607 2141 731 2212 difficile
761 2146 799 2212 sit
827 2139 999 2218 iudicium,
1025 2134 1069 2201 ubi

246 2235 308 2302 nec
333 2234 479 2300 terminis
502 2232 696 2320 respondent
723 2235 866 2300 notiones
889 2237 961 2301 satis
982 2230 1068 2326 deter-

241 2326 403 2404 minatae,
431 2343 492 2388 nec.
515 2322 690 2388 subiectum
719 2319 907 2392 sufficienter
930 2323 1068 2398 deterun-

247 2431 367 2491 natur,
392 2413 434 2476 ita
463 2427 498 2475 ut
526 2412 608 2476 clare
635 2434 698 2476 non
727 2428 853 2494 pateat,
878 2414 908 2476 in
925 2419 1067 2498 'quont-

247 2521 287 2570 tu
312 2498 526 2591 praedicatum
549 2499 652 2566 eidem
668 2499 810 2566 subiecto
826 2503 992 2567 convenire
1005 2507 1067 2582 pot·

240 2591 313 2670 sit,
341 2585 431 2677 quod
458 2586 588 2672 quidem
613 2591 801 2676 plerumque
824 2588 947 2654 accidit.
975 2585 1068 2649 Ante·

155 2688 158 2692 ’
251 2700 345 2766 quam
368 2696 444 2764 ergo
468 2675 615 2742 iudicium
642 2677 682 2744 de
706 2678 912 2764 oppositione
927 2673 988 2742 fieri
1005 2683 1067 2758 pot·

241 2770 291 2832 sit
305 2812 318 2845 ,
348 2763 590 2832 constituendae
615 2782 689 2832 sunt
722 2781 790 2832 tutu
830 2765 988 2845 subiecti,
1011 2768 1067 2826 tum

243 2852 427 2945 praedicati
446 2853 603 2934 notiones.
