2258 3428
231 132 299 223 15⁶
476 149 674 204 tusrrrvr.
689 151 820 204 uurros.
853 141 907 168 ·‘·
932 119 973 130 Q

453 310 732 384 ARTICVLVS
753 308 821 379 111.

227 487 286 559 De
306 483 503 557 iudiciorum
514 492 815 582 &propositionum
824 483 1081 578 affectionibus.

231 693 456 822 Interveniat
474 753 667 842 iudiciorum
689 753 872 823 affectiones
896 752 1006 846 primo
1021 755 1078 823 lo·

223 861 267 906 co
296 859 480 912 numeratur
503 843 772 934 aequipollentia.
793 843 915 910 Iudicia
945 845 1077 912 scilicet

220 933 484 1021 aequipollentia
512 934 677 1013 dicuntur,
702 933 816 1020 quibus
839 932 948 1000 eadem
974 934 1072 999 notio
1110 959 1114 965 ·

224 1024 391 1110 complexa
418 1024 603 1110 respondet.
623 1023 732 1104 Quare
746 1023 846 1088 'etiam
871 1023 1073 1110 propositio-

223 1128 282 1175 nes
306 1111 559 1199 aequipollentes
581 1112 801 1200 appellantur,
825 1109 942 1198 quibus
967 1109 1077 1214 signi-

220 1197 360 1264 ficantur
384 1198 500 1265 indicia
522 1201 780 1288 aequipollentia.
804 1200 855 1264 Sic
876 1199 1078 1286 propositio·

224 1307 283 1352 nes
297 1285 374 1353 istae
389 1305 461 1353 sunt
477 1291 745 1377 aequipollentes:
762 1286 814 1354 sol
826 1285 995 1354 illuminat
1013 1311 1076 1354 ae·

225 1373 395 1459 deficiam:
417 1375 606 1462 aedificium
629 1375 838 1444 illuminatur
862 1401 886 1443 a
913 1374 1002 1442 sole.-
1024 1376 1077 1446 Irt-

223 1483 300 1530 trren
328 1463 408 1532 solis
438 1464 625 1551 aedificium
651 1464 816 1533 illustrat.
844 1461 883 1530 Iu
912 1462 960 1528 his
985 1468 1076 1532 enim

227 1552 375 1622 omuibus
400 1554 520 1646 iudiciis
547 1555 718 1622 formamus
744 1556 906 1620 notionem
929 1557 1077 1643 comple·

229 1659 319 1724 xum,
346 1664 429 1733 quae
457 1661 672 1734 repraesentat
697 1641 796 1711 solem
821 1663 883 1708 una
908 1661 1073 1709 cumae-
1117 1643 1118 1666 l

227 1730 336 1798 dilicio
349 1749 381 1800 et
395 1732 534 1812 lumine,
550 1753 617 1820 quo
629 1732 806 1800 aedificium
828 1730 990 1820 splendet.
1018 1727 1075 1795 11-

229 1819 287 1886 lud
302 1820 407 1886 solum
421 1838 469 1887 est
485 1822 516 1886 in
538 1821 642 1888 tribus
665 1819 936 1913 propositionibus
956 1818 1074 1884 discri-

230 1927 321 1987 men,
345 1909 435 1998 quod
455 1908 487 1975 in
512 1926 562 1974 rot
582 1910 629 1975 sol
645 1910 904 1976 summaturloco
919 1905 1073 1988 subiecti,

224 1997 262 2064 in
288 2013 338 2063 aot
357 1997 558 2078 aedificium,
585 1997 618 2063 in
643 2015 694 2085 μ
713 2000 831 2066 lumen.

295 2086 433 2166 Quoties
465 2087 560 2176 igitur
590 2084 682 2152 nobis
710 2086 850 2153 occurrit
873 2082 1075 2172 propositio,

233 2177 266 2240 et
303 2196 343 2243 ex
370 2177 501 2242 notione
528 2176 696 2263 complexa
726 2176 828 2244 eidem
854 2172 1075 2263 respondente

231 2261 370 2334 formare
390 2265 466 2331 licet
487 2263 579 2328 aliam
604 2265 879 2354 propositionem,
893 2262 945 2328 cui
960 2261 1077 2330 eadem

231 2355 321 2421 notio
343 2352 534 2441 respondet,
560 2354 654 2419 toties
681 2351 764 2420 duae
785 2352 856 2418 illae
878 2352 1077 2438 propositio-

222 2461 312 2523 ·nes,
334 2458 406 2508 sunt
426 2439 689 2528 aequipollentes.
712 2441 799 2508 Hinc
821 2439 901 2506 side
916 2439 1073 2527 aliquare

231 2529 360 2599 definita
389 2529 588 2616 praedicatur
612 2532 736 2610 notio,
757 2550 841 2619 qnae
865 2526 995 2616 quidem
1027 2528 1076 2594 rei

232 2620 264 2684 in
289 2617 471 2686 delinitione
492 2618 697 2697 attribuitur,
719 2617 815 2686 etde
835 2616 894 2682 hae
916 2618 985 2704 ipsa
1012 2638 1074 2682 no-

231 2709 319 2774 tione
350 2707 549 2796 praedicatur
583 2728 631 2776 res
657 2707 804 2788 delinita,
834 2705 1074 2796 propositiones

232 2813 306 2862 sunt
330 2797 602 2886 aequipollentes,
626 2811 662 2861 ut
690 2813 775 2880 petet
801 2809 841 2864 e'x
863 2796 931 2879 ipse
956 2793 1073 2860 delini-

234 2885 326 2954 tionis
346 2905 469 2956 natura.
491 2885 580 2954 Nam
600 2885 632 2952 in
656 2883 704 2952 his
725 2880 998 2978 propositionibus
1011 2902 1071 2952 ea-
