2270 3416
234 221 250 230 ..
280 165 365 216 runs
387 163 422 214 tr
443 163 597 214 urrann.
624 163 700 214 nar.
729 163 802 220 rr„
926 138 989 210 tor'

72 248 108 305 et
123 257 196 305 esse
215 255 420 328 perseverent
437 247 461 316 ,‘
473 239 525 303 sed
542 238 635 302 etiam
654 284 663 315 ,
680 253 715 301 ut
730 233 915 324 operentur.
932 235 994 298 A't-·

103 347 146 392 ue
166 329 200 392 in
228 329 290 392 lroc
318 329 461 391 consistit
479 324 658 414 perfectum
685 327 748 389 Dei
774 325 804 387 in
833 338 993 385 creaturas

74 349 283 494 dominium,
312 433 348 480 ut
372 417 437 502 ipsa
458 413 656 480 demonstrat
680 415 751 480 idea
777 412 855 477 entis
872 411 1000 476 inlinlre

74 501 229 592 perfecti.
255 505 468 594 Quapropter
491 523 614 569 certum
637 519 687 569 est
713 520 745 569 et
762 516 1000 582 extracontto··

73 593 218 659 versiam
233 594 376 680 positum
392 637 402 671 ,
417 609 505 656 actus
531 609 747 657 creaturarum
767 592 860 655 etiam
877 587 1001 654 llberosl

73 683 224 769 pendete
248 703 266 744 a
291 681 375 747 Deo.
400 680 579 759 Quomodo
606 699 710 744 autern
738 677 928 766 explicanda
955 677 998 742 ’ait

74 769 136 834 illa
167 769 379 858 dependentia
394 789 521 834 actuum
539 770 710 834 liberorum
728 790 744 832 a
761 769 852 846 Deo,
877 765 998 854 dispu÷

62 873 156 938 ‘tant
180 857 375 946 philosophi.
393 859 448 927 Vt
460 857 652 944 quaestionis
677 874 778 922 status
794 860 876 922 clare
891 879 995 945 expo-

79 964 218 1026 natur,
250 946 500 1034 praemittendae
535 965 606 1010 sunt
634 947 830 1012 definitiones
855 947 994 1034 aliquae.

81 1031 280 1102 Praemotio
318 1055 378 1102 seu·
396 1035 713 1124 praedeterminantes
739 1037 909 1122 generatim
937 1050 998 1101 ests

12 1181 13 1188 ,
75 1127 244 1212 praevius
262 1125 398 1209 quidam
418 1141 515 1190 actus
544 1130 640 1190 unius
667 1125 716 1190 rei
742 1121 796 1188 uel
819 1145 940 1188 causae
961 1121 996 1190 iri

82 1209 196 1278 aliam
213 1257 223 1291 ,
247 1233 309 1303 quo
326 1212 406 1278 haec
429 1211 480 1278 ad
499 1225 609 1280 aeterna
623 1210 878 1297 determinatur.
893 1211 996 1278 Prae-

80 1301 189 1364 motio
216 1322 271 1366 seu
296 1299 600 1388 praedeterminatlo
619 1299 717 1366 telate
743 1300 996 1366 advoluntatem

82 1405 133 1453 est
158 1391 260 1454 motio
283 1389 460 1478 praenitet
483 1390 671 1456 antecedens
684 1389 858 1455 voluntatis
874 1410 995 1474 acrum,

81 1497 149 1563 qua
175 1479 319 1544 motione
341 1479 489 1542 voluntas
513 1479 554 1542 ad
569 1477 687 1568 aliquid
705 1481 862 1567 agendum
880 1479 995 1565 impel-

80 1564 171 1632 litut.
201 1567 379 1634 Praemotio
395 1567 515 1654 duplex
530 1567 756 1656 distinguitur,
772 1568 830 1633 alia
845 1566 994 1647 moralis,

74 1655 224 1744 physica
250 1657 320 1722 alia.
358 1655 538 1721 Praemotio
564 1655 700 1723 moralis
725 1673 807 1722 ests
842 1658 996 1723 invitatio
1072 1717 1075 1723 .

83 1743 280 1831 quaedam,
318 1744 541 1825 adhortatio,
570 1749 710 1827 suasio,
740 1744 794 1812 uel
826 1744 996 1840 quaelibet

84 1830 158 1900 alia
198 1831 349 1923 impulsio
371 1832 421 1900 ad
447 1827 582 1924 aliquid
611 1832 800 1926 agendum,
827 1837 891 1901 sed
910 1857 997 1924 quae

85 1929 266 1990 consistere
284 1937 396 2012 potest
429 1947 500 1990 cum
521 1930 827 2014 negatione’actrts.
856 1922 998 2013 Physica

82 2013 268 2098 praemotio
297 2032 362 2078 est:
382 2016 526 2102 praevia
553 2029 585 2079 et
612 2013 807 2080 antecedens
842 2010 995 2102 impulsio

86 2100 139 2165 ad
170 2099 307 2193 aliquid
322 2099 553 2182 faciendum,
589 2101 672 2168 talis
698 2117 751 2168 est
774 2102 898 2169 natura
919 2125 995 2182 sua,

84 2197 125 2252 nt
157 2211 219 2254 uon
248 2195 354 2278 possit
378 2193 551 2256 consistere
576 2211 648 2256 cum
675 2195 847 2279 negatione
883 2207 993 2268 actas,

85 2275 246 2368 adquam
272 2276 423 2366 impellit.
445 2279 628 2345 Concursus
653 2281 683 2343 in
711 2301 826 2368 genere
852 2296 921 2342 est-s
937 2300 996 2342 co-

86 2371 238 2450 operatio
278 2373 374 2433 unius
408 2391 528 2434 causae
564 2389 635 2433 cum
671 2365 784 2432 altera
817 2364 996 2432 secundum

88 2449 186 2518 huius
208 2457 407 2544 exigentiam
426 2471 460 2522 et
482 2455 709 2544 indigentiam.
728 2453 844 2544 Itaque
860 2475 997 2521 coneur-

87 2559 145 2604 sus
160 2543 219 2608 Dei
233 2567 304 2608 cum
322 2561 467 2611 creatura
483 2545 631 2610 definitur
647 2549 831 2633 cooperatio
845 2545 904 2609 Dei
921 2569 996 2612 cum

88 2648 235 2714 creatura
263 2651 375 2724 agente
390 2655 448 2721 pro
463 2634 616 2722 exigentia
634 2653 666 2700 et
680 2636 856 2724 'indigentia
870 2655 997 2713 creatu-

91 2737 145 2782 rae
160 2765 169 2798 ,
185 2743 267 2808 quae
283 2745 344 2808 ope
359 2738 391 2788 et
406 2722 521 2788 auxilio
540 2723 601 2788 Dei
627 2723 780 2790 destituta
799 2745 864 2788 non
875 2727 997 2790 valeret

89 2819 150 2893 per
162 2831 192 2876 se
207 2810 272 2874 sola
286 2833 385 2902 agere.
402 2811 531 2877 Rursus
542 2831 715 2877 concursus
732 2813 794 2879 Dei
808 2813 928 2898 duplex
947 2814 995 2876 di-

77 2890 284 2986 laringulturs
312 2899 479 2965 mediatur
512 2919 544 2966 et
574 2900 794 2972 immediatus.
829 2901 993 2984 Mediatus

67 3002 134 3068 ¹cst
148 3013 155 3050 s
171 2992 257 3053 actio
281 2987 352 3052 Dei
377 2986 598 3056 conservantis
617 2992 807 3078 potentiam
826 2983 994 3074 agentem.-

87 3066 214 3144 Dicitur
227 3077 384 3145 mediatos
397 3120 409 3160 ,
425 3077 498 3167 quia
522 3077 610 3144 Deus
624 3076 804 3168 producens
820 3094 851 3141 et
864 3088 994 3152 conser-¹
