2300 3506
218 161 268 229 44
468 167 638 222 fflflfflv’l'
662 167 809 224 Pimosso·
826 189 858 214 *u

218 237 298 302 riam·
316 235 533 324 spiritualem,
550 265 754 331 omnemque
782 239 1009 331 cogitationem
1036 261 1056 308 a

210 327 349 405 ,materia
377 331 555 416 profluere,
586 352 622 398 ac
652 333 822 400 simulacris
862 330 1058 418 qmbusdam

219 415 374 480 contineri
395 437 450 483 seu
473 419 681 507 imaginibus,
711 442 792 508 quae
822 443 840 485 e
870 441 967 483 rernm
995 441 1059 490 sue·

210 504 365 589 perfice,
391 523 427 570 ut
453 508 599 586 aiebant,
622 510 740 577 cadunt
763 510 849 594 quasi
875 509 973 593 spolia
996 528 1059 572 seu

217 607 331 658 tennes
351 594 506 675 exuviae,
532 615 563 662 et
586 598 617 662 in
640 620 754 687 organa
777 598 916 664 sensoria
936 617 972 660 ao
996 597 1058 660 in·-

219 678 262 746 de
287 682 318 744 in
342 699 477 750 mentem
499 688 670 772 incurrunt.

217 831 220 838 .
263 764 330 832 111.
375 772 570 842 Aristotelioi
583 775 737 850 credunt,
754 773 885 841 animant
899 773 1057 860 spititua-

209 855 280 928 ‚iem
303 878 391 939 esse,
414 883 485 930 eam
504 884 581 930 vero
604 865 691 931 omni
710 864 803 952 piane
824 883 925 928 rernm
940 863 1055 948 cogni-

218 945 306 1012 tione
331 948 486 1037 principio
507 951 657 1032 destitui,
681 953 723 1016 ita
750 969 785 1016 ut
811 951 927 1028 nullam
958 949 987 1012 in
1017 971 1055 1015 se

219 1055 324 1102 rerum
355 1038 518 1127 imaginem
550 1059 606 1108 aur
644 1040 743 1108 ideam
781 1041 960 1126 impressam
989 1035 1054 1101 ha-

216 1120 317 1201 beat,
342 1126 400 1190 sed
423 1149 442 1192 a
469 1130 628 1216 corporeis
651 1127 790 1196 sensibus
812 1148 920 1193 omnes
948 1145 1055 1191 rerum

218 1210 366 1300 imagines
387 1217 542 1304 adquirat.
566 1218 650 1282 Hinc
664 1215 862 1286 celeberrima
880 1231 952 1278 sunt
966 1213 1056 1298 apud

219 1301 429 1367 aristotelicos
452 1303 545 1370 effata
567 1305 635 1370 illas
666 1304 874 1372 intellectum
900 1325 969 1370 esse
994 1318 1057 1368 ta-

217 1387 333 1456 bulam
355 1413 484 1457 rasam:
505 1391 587 1460 nihil
608 1416 676 1460 esre
696 1399 730 1458 ia
750 1391 940 1469 intellectu,
962 1388 1058 1479 quod

211 1481 312 1566 prius
330 1500 392 1546 non
404 1479 514 1560 fuerit
537 1484 571 1547 ia
584 1503 679 1549 sensu
693 1501 891 1571 :numquam
906 1481 1051 1544 animam

217 1565 493 1656 intelligentiae
516 1591 664 1659 corporea
683 1569 926 1656 phantasmate.
950 1566 1055 1632 Eam,-

220 1653 294 1722 dem
322 1659 506 1725 sententiam
535 1675 643 1729 tuetur
668 1657 859 1734 Gessendus
891 1653 1002 1746 Igitun
1022 1655 1080 1721 in'

214 1740 279 1840 ¹hac
293 1745 446 1830 opinione
462 1744 565 1816 anima
583 1765 689 1834 potest
704 1769 794 1836 agere
810 1745 841 1812 in
857 1764 996 1832 corpus,
1023 1758 1056 1811 et

220 1832 354 1896 vicissim
375 1853 493 1921 corpus
518 1833 731 1914 inanimam,
754 1835 798 1900 ita
822 1851 858 1902 ut
883 1855 939 1920 per
961 1832 1057 1920 cogi-

221 1919 358 2004 tationes
375 1921 596 2009 producantur
610 1942 715 1989 morus
730 1923 762 1988 in
777 1935 935 2010 corpore,
950 1938 981 1986 et
994 1941 1056 2006 pet

218 2009 360 2096 corporis
384 2028 486 2075 motus
507 2030 692 2100 generentur
714 2013 745 2076 io
770 2011 872 2078 anima
899 2009 1058 2075 sensatio-

216 2115 329 2166 neser
352 2097 452 2169 ideae.
475 2096 623 2178 Idearnm
645 2102 781 2188 genesim
807 2100 852 2166 sio
877 2097 1055 2184 explicant.

216 2185 274 2254 ,Ab
295 2185 424 2254 obiectis
445 2189 580 2257 externis
604 2191 788 2256 emittuntur
812 2188 975 2253 simulacra
995 2205 1055 2252 teu

221 2275 340 2362 species
361 2277 632 2366 materialesipsis
651 2276 784 2344 obiectis
807 2276 943 2354 similes,
973 2295 1056 2362 quae

215 2364 260 2430 ad
282 2386 400 2454 organa
419 2367 555 2450 sensoria
575 2366 699 2432 delatae
721 2385 778 2452 pet
802 2385 928 2446 nervos¹
942 2385 1053 2430 senso-

215 2455 282 2525 ¹rios
308 2455 349 2522 ad
372 2453 543 2536 cerebrum.
558 2453 765 2534 deferuntur,
789 2471 821 2520 et
839 2455 885 2536 ¹ia¹
910 2452 1054 2540 phanta-

218 2541 267 2608 sia
279 2541 505 2629 depinguntur.
524 2541 590 2606 Has
602 2545 726 2630 species
739 2541 902 2626 appeliant
916 2545 1053 2627 impres·
1138 2549 1140 2568 ²

220 2650 299 2710 sas,
330 2631 403 2714 quia
432 2628 471 2695 ab
502 2629 631 2699 obiectis
662 2624 881 2718 imprimuntni
908 2629 1052 2708 sensibus

219 2717 515 2806 etimaginationi5
535 2736 696 2807 quatenus
724 2739 798 2782 veto
823 2715 864 2784 ab
891 2717 1056 2784 intellectu
1138 2739 1139 2742 ’

214 2806 438 2898 percipiuntur
459 2827 489 2876 et
515 2804 588 2890 fere¹
605 2805 824 2894 exprimuntur
837 2852 858 2886 ,.
876 2827 1054 2892 expressas

217 2899 350 2982 nocant.
366 2895 507 2976 Simiiitet
520 2895 698 2980 inteilectus
714 2895 1060 2988 dicitnr„ag,anr,‚qua·
