2264 3420
189 83 232 154 62
452 102 639 151 tttsrtuvu.
663 103 799 152 sttruos.

188 173 301 242 sariam
314 192 380 236 esse
393 169 531 236 diximus
543 175 751 239 mutationem
761 171 879 238 factam
891 170 935 237 ab
949 173 1083 240 obiecto

189 259 363 337 sensibili,
387 258 450 324 hoc
466 281 515 328 est
530 261 572 327 ab
587 262 738 340 obiecto,
756 261 847 349 quod
862 263 1084 328 mutationem

191 351 402 418 sufficientem
425 350 455 412 in
477 371 597 438 organo
622 350 681 418 rite
698 353 874 414 constituto
893 351 1083 435 producere

189 442 300 529 possit.
314 436 417 514 Quod
438 458 563 525 spectat
580 438 620 504 ad
637 440 799 504 stellarum
817 440 1079 524 perceptionem,

189 547 312 594 certum
329 543 395 599 est,
410 548 518 592 earum
538 528 687 614 imagines
703 529 736 592 in
753 528 836 592 ocuii
857 525 964 593 fundo
982 529 1079 609 etiam

189 615 325 686 interdiu
341 614 511 694 delineari,
526 637 699 703 earumque
715 617 953 702 impressionem
971 617 1014 682 ad
1028 639 1077 684 ce·
1121 627 1122 642 ¹

192 706 322 781 rebtunt
337 723 439 789 usque
453 725 509 786 per
523 726 656 770 nettutn
670 707 812 790 opticum
831 705 1022 794 propagari3
1036 724 1075 770 at·

192 817 255 884 que
266 791 416 857 abanima
429 792 701 858 obscuretantum
715 794 935 880 percipiNatu
953 796 981 858 si
990 793 1073 858 lumi·

191 885 240 951 nis
253 881 365 946 solaris
380 880 464 944 actio
478 881 511 944 in
525 882 655 946 oculum
667 881 716 948 vei
730 881 805 946 solis
817 879 929 969 eclipsi
944 883 999 947 vel
1012 883 1071 944 ion·

195 974 290 1064 gioris
304 970 374 1036 tubi
389 990 451 1057 ope
466 970 677 1059 impediatur,
689 987 757 1039 tum
771 971 875 1038 stellas
891 969 979 1044 coeii
994 970 1066 1036 clare

197 1061 358 1130 videmus.

257 1151 382 1216 Obiect.
409 1166 440 1210 2.
465 1143 578 1214 Eidem
592 1145 759 1218 mutationi
776 1144 807 1212 in
823 1143 935 1218 eodem
952 1168 1071 1235 organo

194 1239 336 1309 sensorio
347 1235 448 1300 factae
464 1256 527 1299 non
542 1235 711 1321 respondet
726 1235 836 1302 eadem
848 1235 877 1298 in
889 1234 997 1299 anima
1010 1257 1069 1301 sert·

193 1329 300 1404 satio;
321 1346 398 1412 ergo
423 1319 499 1388 fatsa
514 1341 560 1390 est
573 1323 752 1392 conclusio.
774 1322 871 1388 Proh.
887 1340 955 1386 ant.
975 1323 1069 1390 Solet
1121 1387 1122 1392 ,

190 1419 296 1492 iuna,
322 1414 398 1480 dum
415 1412 522 1478 vertici
541 1431 650 1478 nostro
666 1414 844 1490 imminent,
863 1413 1003 1478 minores
1019 1413 1070 1474 ti·
1121 1415 1122 1436 ³

193 1507 310 1574 dentur
325 1549 336 1582 ,
362 1523 456 1588 quam
473 1523 574 1589 prope
589 1501 788 1566 horizontem
805 1503 917 1585 positi;
932 1501 1026 1589 atqui
1039 1500 1069 1564 in

194 1615 334 1681 utroque
348 1591 421 1655 loco
435 1590 577 1656 eamdem
591 1590 797 1658 mutationem
807 1589 963 1658 ineodem
975 1589 1069 1656 oculo

114 1731 118 1742 .
196 1685 394 1774 producunt.
409 1679 497 1767 Ergo
510 1678 611 1745 eidem
625 1681 788 1744 mutationi
800 1680 831 1740 in
846 1676 959 1744 eodem
976 1701 1069 1766 otga-

194 1794 240 1840 no
261 1769 360 1835 factae
374 1788 438 1832 non
454 1768 623 1854 respondet
639 1766 747 1832 eadem
764 1769 794 1830 in
809 1765 910 1830 anima
923 1767 1068 1832 sensatio.

196 1859 303 1948 Resp.
330 1856 376 1922 N.
390 1873 455 1920 ant.
479 1855 532 1920 Ad
563 1855 654 1942 prob.
680 1856 720 1920 C.
746 1856 817 1918 mai.
844 1874 875 1920 et
898 1855 971 1920 dist.
998 1857 1071 1920 mitt.

196 1946 339 2016 eamdem
360 1945 566 2010 mutationem
593 1945 626 2008 in
650 1948 747 2008 oculo
776 1944 986 2030 producunt,
1019 1945 1070 2010 sed

195 2040 398 2102 coniunctam
411 2055 482 2098 cum
497 2033 624 2098 dirersis
637 2031 860 2097 mutationibus
869 2032 973 2096 aliisiu
988 2050 1071 2098 utro·

196 2146 262 2213 que
285 2123 380 2200 loco,
406 2123 466 2200 C.,
489 2143 579 2188 secus
605 2121 648 2184 N.
667 2121 742 2186 min.
758 2137 790 2186 et
812 2143 898 2186 cons.
923 2119 1070 2188 Phaeno·

198 2235 350 2289 menum,
374 2211 463 2300 quod
490 2209 661 2287 obiicitur,
688 2209 847 2296 explicatu
866 2207 990 2274 difficile
1015 2231 1069 2276 suo

198 2305 274 2370 loco
298 2300 492 2368 evolvemus.
516 2299 597 2364 Heic
618 2298 710 2363 nobis
736 2297 907 2364 observare
933 2297 1068 2377 satient,

197 2393 307 2458 lunam
322 2407 354 2455 et
369 2392 467 2455 solem
482 2389 512 2452 in
528 2385 692 2452 horizonte
708 2388 841 2452 maiores
858 2388 967 2463 uideri,
979 2407 1069 2470 quam

199 2483 232 2546 in
248 2478 438 2555 meridiano,
455 2476 528 2565 quia
545 2475 576 2540 in
591 2475 757 2541 horizonte
771 2475 862 2540 simul
877 2497 949 2547 cum
964 2497 1065 2546 eorum
1119 2505 1120 2536 r

200 2565 383 2656 imaginibus
407 2566 438 2630 in
456 2566 552 2629 oculo
574 2565 628 2652 pin
652 2581 745 2628 untur
769 2565 927 2630 interiecta
948 2584 1067 2651 corpo·
1119 2567 1120 2616 i

202 2654 408 2721 raterrestria
421 2699 431 2731 ,
459 2653 603 2738 coelique
631 2588 735 2722 iornix
761 2652 944 2740 oblongust
969 2667 1001 2718 at
1023 2653 1070 2718 itta

202 2744 403 2808 obiectorum
420 2743 524 2819 series,
540 2740 617 2806 dum
632 2741 679 2806 sol
695 2760 726 2806 et
739 2741 811 2809 luna
826 2745 857 2804 in
872 2741 987 2824 vertice
1001 2761 1071 2807 coe·

203 2831 226 2896 li
253 2829 519 2916 conspiciuntur,
541 2831 669 2894 oculum
686 2850 757 2894 *non
791 2827 954 2904 afficiunt3
975 2846 1069 2917 atque

203 2918 278 2984 iude
291 2933 358 2993 est,
371 2917 459 3004 quod
472 2917 608 2984 sisoium
626 2934 657 2983 et
675 2917 780 2984 lunam
795 2918 825 2980 in
842 2918 1007 2982 horizonte
1020 2939 1070 3003 pet

204 3003 321 3070 tubum
333 3020 502 3092 angustum
513 3005 762 3093 conspiciamus,
776 3005 863 3076 haud
876 3006 1005 3074 maiores
1021 3009 1070 3073 ti-
