2326 3438
165 183 171 194 .
269 153 353 200 tans
378 152 407 198 rr
431 147 586 198 utuntur.
609 147 685 196 enar
714 149 743 196 t.
877 141 917 226 iq

12 245 13 272 ³
76 241 129 294 est
155 222 335 290 oonclu'sio.
363 219 460 286 Prob.
487 220 560 284 min.
588 218 633 283 Sit
664 215 744 286 libra
771 216 917 290 lancibus

80 313 235 400 appensis
261 313 292 376 in
319 309 502 397 aequilibrio
520 307 719 374 constituta:
750 308 920 395 deponan-

12 403 14 478 l
80 419 136 466 tur
161 402 191 468 in
217 420 352 488 utraque
376 398 467 464 ianoe
497 396 638 484 pondera
663 397 831 482 aequa-lia,
855 423 920 467 ‹ae-r

12 479 13 506 ³
83 487 262 578 quilibrium
282 509 346 553 non
369 485 464 563 rolli,
495 485 917 571 experientiademonsrran

82 576 169 642 istud
184 597 291 644 autem
312 571 532 663 aequilibrium
554 590 601 640 est
627 573 693 640 sine
710 577 829 646 ratione
847 576 919 644 iuf-

82 664 205 732 terente
221 689 231 742 ς
259 665 374 732 etenim
386 661 458 728 ideo
472 683 535 728 oon
549 660 672 728 tollitur
682 664 919 752 aequilibrium,

81 757 155 841 quia
177 754 263 832 nulla
290 772 338 820 est
369 752 450 818 ratio
482 749 665 829 sufficiens,
690 774 746 817 cut
770 753 916 834 rollenum

82 845 105 908 si
135 843 220 910 enim
247 861 330 908 esset
357 840 461 926 aliqua
488 839 592 917 tario,
620 839 812 917 tolleretur;
839 867 918 932 ergo

81 931 166 998 istud
188 929 405 1014 aequilibrium
425 946 471 994 est
492 927 557 994 sine
584 928 707 996 tatione
728 927 916 1020 sufficienter

81 1017 188 1104 Resp.
216 1017 263 1082 N.
291 1019 365 1084 min.
394 1013 521 1083 Etenim
555 1016 578 1080 si
609 1034 749 1082 sumatur
783 1018 917 1104 aliquod

84 1105 366 1195 phaenomenum,
394 1122 491 1192 arque
521 1103 698 1193 inquitatur
729 1107 809 1170 ratio
826 1107 920 1174 sufu-

84 1195 200 1273 ciens,
224 1216 279 1260 cur
300 1197 361 1273 sit,
387 1213 443 1260 aur
471 1196 621 1263 rationem
638 1191 719 1262 iliam
740 1195 917 1282 deprehen*

85 1282 221 1362 densus,
247 1301 301 1350 aut
317 1282 427 1348 saltem
442 1280 655 1348 demonstrate
670 1305 840 1370 numquam
857 1309 919 1374 po·

84 1371 241 1451 terimus,
271 1372 391 1438 nullam
412 1369 532 1437 adesse.
560 1371 591 1436 Si
612 1385 718 1436 autern
734 1376 919 1461 exemplum

83 1461 208 1526 nullum
237 1459 341 1527 afferri
371 1458 498 1545 possit,
524 1457 556 1522 in
584 1479 651 1545 quo
675 1459 793 1526 nullam
821 1465 919 1528 rarior

83 1569 157 1621 nem
178 1543 288 1616 adesse
314 1547 576 1625 demonstretur,
605 1543 750 1621 affirmari
772 1569 836 1614 non
863 1574 924 1636 po.

85 1655 173 1716 test,
192 1637 393 1724 'principium
419 1632 549 1704 rationis
575 1633 730 1706 sufficient
759 1635 923 1724 experien-

86 1727 149 1792 tiae
177 1747 363 1814 repugnare.
392 1725 437 1788 At
464 1745 570 1794 nemo,
585 1747 725 1806 eorum,
749 1729 805 1814 qui
834 1728 946 1796 istud*

85 1814 215 1882 rarioris
251 1813 433 1880 sufficientis
462 1813 650 1901 principium
682 1815 923 1904 impugnaruntr

84 1903 139 1968 vel
166 1903 295 1968 unicum
322 1899 436 1968 afferre
460 1903 566 1988 potuit
593 1903 799 1991 exemplum,
830 1909 922 1994 quod

85 1989 254 2058 sufficienti
275 1992 395 2060 ratione
418 1991 606 2056 destitutum·
628 1988 844 2078 demonstrate
871 2019 925 2067 ra.-
948 2049 950 2056 r

84 2079 192 2146 luerit,
221 2077 265 2142 Et
285 2079 412 2168 quidem
429 2079 518 2165 quod
540 2079 718 2164 spectaturi
742 2083 924 2167 exemplum
950 2099 952 2104 “

86 2170 118 2240 in
134 2165 264 2238 minoris
283 2167 472 2256 probatione
494 2167 648 2232 allaturus
676 2167 707 2230 in
731 2187 846 2236 statera
863 2172 926 2238 har.
948 2216 954 2244 ,ἡ

85 2255 184 2324 betur
211 2255 431 2344 aequilibrium
455 2283 466 2334 ¹,
507 2255 629 2343 quoties
657 2254 823 2322 distantiae
852 2277 928 2326 sunt
945 2295 953 2302 ··

87 2343 237 2430 aequales
257 2363 287 2410 et
302 2344 457 2433 ,pondera
480 2343 644 2428 aequalia,
672 2361 709 2408 ut
729 2344 926 2416 demonum.

86 2444 149 2498 tur
167 2433 198 2494 in
229 2431 417 2498 mechanica.
447 2430 498 2496 Ex
522 2433 580 2498 hac
605 2430 733 2506 rarione·
749 2430 926 2506 sufficiente

87 2521 275 2604 intelligitur
290 2519 382 2599 ,⁵cur
406 2517 631 2608 aequilibrium
647 2523 751 2604 potius
775 2524 812 2596 sit
832 2545 951 2610 quam·

88 2631 155 2672 non
185 2609 236 2672 sit.
264 2607 352 2674 Licet
376 2608 591 2678 autem'hano
610 2609 773 2676 notionem
796 2615 926 2698 aequili·

88 2696 152 2762 brii
172 2696 296 2782 aliquis*
309 2721 373 2762 non
395 2698 542 2778 noverit,
566 2719 603 2762 ac
625 2697 759 2784 proinde
780 2719 811 2764 et
833 2705 948 2776 rarior*

90 2803 164 2853 nent
185 2783 394 2852 sufficientem
418 2784 530 2853 afferre
553 2808 617 2850 non
644 2787 769 2872 possit,
799 2811 861 2854 non
884 2794 948 2858 ine·

45 2867 48 2873 ⁵
91 2875 281 3026 deTtameIn
312 2893 536 2964 sequeretur,
573 2874 655 3026 hiim
689 2896 753 2944 uon
787 2881 931 2948 existere.

169 2985 279 3028 oms.
320 2973 339 2986 ·’
444 2985 446 2989 ·
646 2994 660 3000 ··
858 2984 883 3004 ··
