2270 3416
164 145 228 235 198
386 165 607 214 ·ttttt⁴tuv'r.
633 161 796 208 unitos·
838 171 847 185 ν

163 230 314 320 indigent.
327 229 430 320 Resp.
447 235 492 300 N.
511 255 598 297 cons>
616 233 783 315 disparitas
799 246 876 306 est,
894 227 994 315 quo'd
1007 247 1085 315 opus

162 323 350 388 artefactum
376 345 439 388 non
468 321 580 386 babeat
603 321 643 384 ab
660 321 777 390 artifice,
792 339 891 382 suum
915 341 990 384 esse
1007 325 1083 384 sim·

156 409 295 500 pliciter
323 413 379 477 sed
410 428 530 478 tantum
568 431 658 472 suum
689 431 756 473 esse
784 406 1004 484 modestiaet,
1033 426 1081 470 seu

104 549 107 556 r
161 498 225 562 raie
238 519 326 577 esse,
343 498 404 562 hoc
422 518 470 564 est
484 550 495 596 t
512 500 645 585 partium
659 497 912 582 dispositionem
929 513 965 561 et
983 495 1077 558 sirum.

160 584 247 650 Nam
268 607 370 672 partes
397 591 497 652 totius
528 585 678 652 artefacti
700 585 885 650 secundum
914 585 1073 651 entitatem

160 679 248 764 prius
277 677 455 743 existebant
473 719 483 755 ‚
499 697 594 764 quam
611 675 653 744 ab
674 675 790 738 artifice
812 675 1070 760 disponerentur,

161 785 221 828 nec
236 761 276 826 ab
290 765 412 830 artificis
442 771 610 830 uoluntate
621 761 783 850 pendebat
802 781 864 839 ,ut
892 765 1069 828 existerent.

161 849 265 920 Vnde
290 855 428 940 singulae
443 856 509 920 eius
535 873 670 940 partes,
695 874 777 939 quae
793 849 920 916 babent
941 851 1071 916 existen·

162 939 237 1004 tiam
254 961 341 1004 suam
358 965 374 1008 a
393 943 465 1008 Deo
477 961 507 1010 et
519 943 630 1030 iugiter
646 959 866 1004 conservatam
884 986 896 1018 ‚
916 953 1070 1006 remanent

164 1027 195 1092 iu
223 1030 336 1096 eodem
362 1035 447 1108 situ,
478 1033 508 1098 in
534 1053 600 1116 quo
628 1028 667 1094 ab
698 1026 816 1093 artifice
832 1029 974 1114 positae
997 1042 1067 1104 suut,

163 1115 268 1186 donec
294 1141 388 1184 causa
412 1122 517 1207 aiiqua
544 1121 601 1184 alia
617 1117 714 1190 ,hunc
744 1116 894 1184 ordinem
921 1118 1070 1182 destruat.

150 1207 287 1271 ‘Contra
303 1231 379 1272 vern
390 1207 591 1282 ‚substantiae
606 1209 694 1292 ipsae
709 1222 834 1272 creatae
859 1227 970 1292 quum
982 1227 999 1269 a
1010 1207 1074 1268 soio

164 1293 241 1359 Deo
266 1298 442 1382 acceperint
469 1319 558 1363 suum
593 1317 662 1361 esse
699 1293 905 1380 simplicitet,
942 1294 1070 1380 indigent

166 1382 278 1448 eadem
294 1385 352 1456 Dei
368 1388 516 1465 actibn'e,
549 1397 632 1476 qua>
642 1383 713 1472 ipsis
740 1401 915 1450 conservet
938 1382 1065 1450 existet-

166 1472 241 1536 tiam
270 1475 364 1540 semei
393 1475 510 1539 datam.

231 1559 318 1628 Inst.
332 1563 429 1640 Quod
447 1562 541 1630 semel
556 1559 667 1626 habuit
682 1581 749 1627 esse
764 1581 773 1637 ¹,
804 1579 870 1624 non
888 1557 1060 1645 potestde·

165 1647 265 1716 sinere
291 1673 368 1718 esse.
394 1652 434 1714 Et
458 1651 587 1739 quidem
607 1671 724 1738 corpus
749 1649 842 1712 semel
873 1647 1061 1731 positum-iu

165 1756 284 1814 motu,
313 1761 491 1827 perseverat
519 1742 549 1803 in
579 1757 668 1804 motu
692 1736 1064 1824 quamviscessaverita·

165 1827 230 1892 ctio
245 1849 359 1893 causae
372 1829 509 1902 motricis
525 1853 534 1904 ς
549 1850 624 1916 ergo
634 1851 657 1898 a
673 1829 737 1912 pati
753 1847 809 1890 res-1
817 1827 924 1914 posita
941 1829 974 1890 in
991 1827 1069 1891 exis·

165 1915 266 1982 tentia
288 1917 383 1983 debet
406 1919 436 1982 in
463 1941 498 1984 ea
525 1938 731 2004 permanere,
749 1917 819 1978 licet
838 1936 967 1980 cessare
980 1915 1067 1979 intel-

166 2003 282 2089 ligutur
311 2009 393 2070 actio
420 2027 555 2081 causae,
574 2029 592 2070 a
611 2027 674 2094 qua
704 2004 858 2090 producta
888 2023 950 2069 est.
974 2003 1066 2088 Retp.

166 2089 231 2156 dist
262 2113 323 2156 ant.
343 2117 406 2158 non
423 2113 526 2182 potest
542 2093 684 2178 desinere
700 2115 765 2158 esse
779 2115 890 2179 perse
908 2139 917 2167 ‚
944 2093 975 2157 C
1001 2109 1062 2156 ant.

166 2199 225 2268 per
239 2187 449 2250 certationem
462 2183 611 2274 influxus
624 2181 690 2248 eius
706 2203 818 2248 causae
830 2229 838 2256 ,
851 2204 868 2246 a
880 2202 946 2268 qua
963 2179 1070 2244 habuit

168 2291 260 2348 esse,
285 2271 327 2334 N.
347 2291 411 2336 ant.
443 2273 484 2336 Et
506 2272 631 2358 quidem
653 2273 740 2357 quod
766 2269 905 2346 existit,
926 2271 1072 2332 existen-

167 2358 245 2422 tiam
262 2361 357 2429 semel
372 2379 535 2448 acceptam
551 2361 686 2426 adimere
702 2359 756 2423 sibi
775 2379 839 2422 non
860 2374 970 2444 potest
985 2401 996 2436 ,
1009 2355 1070 2421 ted

169 2449 363 2514 existentiam
396 2468 500 2536 potest
535 2449 711 2526 amittere,
740 2466 771 2512 et
799 2447 905 2512 statim
931 2469 966 2512 re
1002 2447 1069 2532 ipsa

168 2538 308 2614 amittit,
330 2540 352 2600 si
378 2560 474 2609 causa
493 2538 677 2623 productrix
697 2583 705 2614 ,
723 2537 809 2602 Deus
827 2535 947 2600 scilicet
966 2533 1071 2612 ,desi-

169 2642 225 2688 nat
238 2625 267 2686 in
282 2625 360 2690 titud
373 2625 469 2712 influe
489 2651 505 2692 e
533 2627 584 2692 Ad
602 2624 819 2712 probationem
849 2644 929 2710 nego
945 2626 1070 2710 parita-

139 2755 142 2761 -
169 2729 244 2776 tem.
278 2711 399 2778 Etenim
422 2739 488 2800 *per
517 2717 672 2781 actionem
710 2714 931 2802 productivam
965 2731 1069 2777 motus

169 2796 322 2888 Dcuuest
338 2801 561 2868 determinatus
575 2805 614 2868 ad
631 2801 881 2868 conservandum
905 2821 1028 2884 corpus
1040 2801 1073 2868 in

170 2883 226 2949 iiio
244 2889 459 2963 statu‚d0nec
475 2895 663 2956 acontrariis
678 2891 780 2958 causis
791 2889 944 2955 secundis
961 2887 1073 2954 deter-

170 2975 304 3040 minetur
317 2975 358 3036 ad
374 2975 453 3054 idem
467 3002 581 3062 corpus
596 2978 850 3044 conservandum
874 2978 906 3040 in
923 2978 992 3041 alio
1006 2997 1075 3042 sta-

176 3073 218 3127 tu·
231 3063 279 3132 At
298 3059 445 3138 sicutdt
456 3067 519 3140 aliis
531 3060 641 3138 ‘causis
666 3070 755 3139 Deus
769 3088 833 3141 non
847 3083 900 3146 ,est
917 3063 1078 3138 detttmi·
