2300 3506
388 312 577 364 ⁴carra
611 292 638 361 i

108 390 197 456 nona
220 381 459 452 ostenderint.
478 386 568 452 Haec
584 403 689 472 pauca
704 379 790 448 dicta
807 378 868 448 sint
885 403 948 461 ,no

116 476 270 562 uolgatam
283 475 314 538 in
331 473 447 539 scholis
465 474 685 564 quaestionem
705 471 835 538 omnino
850 493 950 562 prae·

114 564 281 637 termisisse
295 562 467 628 videamur.

179 653 294 738 Neque
322 653 497 718 omittenda
522 666 569 716 est
593 648 696 727 haec,
718 669 797 735 quae
811 649 950 738 proponi

103 738 193 804 ‘solet
213 739 378 818 obiectio,
410 741 527 826 primos
555 742 672 804 scilicet
690 755 835 824 parentes
855 738 950 806 fuisse

110 829 266 915 deceptos
281 851 299 892 a
314 847 462 917 serpente
477 875 485 904 ‚
502 849 596 916 quern
614 847 722 894 natura
741 849 796 892 sua
815 829 951 914 loquen-

52 991 56 996 s
108 935 176 982 tent
210 917 382 981 oredrdere.
414 915 581 1003 Ignorasse
607 919 668 978 vim
692 913 812 980 fructus
842 915 948 994 vetiti,

108 1006 369 1093 quo-scientiam
395 1002 470 1066 boni
502 1021 533 1068 et
561 1004 631 1069 mali
661 1025 694 1068 se
718 1023 949 1072 consecuturos
994 1028 997 1038 ⁴

100 1093 293 1180 sperabant.
328 1093 377 1156 Ac
399 1092 527 1156 tandem
555 1113 728 1180 peccasse:
748 1093 951 1178 proindeque

104 1181 236 1248 bonum
267 1196 299 1245 et
332 1180 445 1244 malurn
476 1201 538 1244 non
564 1181 761 1270 cognovisse.
790 1181 854 1262 Qui
872 1183 951 1268 qui.-

115 1270 188 1334 dem
212 1268 292 1332 tanti
316 1291 438 1334 errores
454 1291 524 1332 curn
539 1267 645 1334 divino
671 1267 792 1336 inlusae
808 1268 952 1352 philoso-

105 1357 208 1446 phia'e
225 1359 377 1423 beneficio
404 1358 653 1424 convenirenon
683 1376 776 1442 posse
791 1359 949 1424 videntur.

100 1511 103 1516 ,
182 1447 266 1510 Huic
286 1445 482 1524 obiectioni,
506 1446 652 1532 adquam
679 1443 856 1526 referuntur
870 1445 951 1514 aliae

112 1553 222 1600 omnes
244 1557 323 1621 quas
345 1531 442 1598 fusius
456 1535 659 1622 persequitur
683 1535 951 1621 philosophorum

111 1623 225 1709 vulgus
240 1667 251 1704 ,
267 1620 361 1687 ncilis
377 1643 425 1689 est
440 1624 615 1708 responsio.
627 1621 737 1699 Quum
760 1621 875 1706 nempe
887 1624 953 1708 pri·

112 1733 237 1775 morum
259 1729 426 1795 parentum
445 1731 531 1776 mens
551 1711 682 1776 limitata
701 1713 868 1786 esset;.re‘s
882 1729 952 1778 orn·

111 1818 173 1860 nes
208 1800 299 1860 sirnul
336 1817 408 1863 actu
447 1819 642 1887 cognoscere
671 1819 736 1862 non
764 1815 951 1882 potuerunt.

14 1941 15 1948 ,
116 1883 229 1961 Quare
250 1884 314 1950 lieri
336 1889 440 1972 potuit
455 1935 466 1965 ,
482 1909 516 1951 nt
543 1909 588 1952 ex·
605 1886 789 1952 attentionis
812 1882 951 1968 defectu,
1024 1907 1026 1912 '

115 1973 168 2059 rel
191 1995 231 2038 ex
255 1975 311 2040 alia
325 1997 419 2042 causa
436 1995 484 2042 res
507 1975 577 2040 illas
592 1989 670 2040 actu
687 1997 751 2040 non
771 1997 952 2066 cognosce-

111 2079 184 2126 rent
197 2107 207 2141 ,
220 2084 300 2150 quas
312 2081 417 2130 tamen
431 2082 587 2129 noverant
602 2061 726 2130 babitu.
743 2065 878 2152 Serpens
892 2087 953 2132 ver·

101 2171 150 2214 ,ro
174 2152 454 2237 protoparentibus
471 2153 629 2237 pollicitus
651 2169 696 2216 est
713 2154 870 2218 scientiam
893 2151 955 2220 bo·

101 2239 147 2308 :ni
171 2255 203 2304 et
229 2242 300 2304 mali
332 2261 396 2304 non
418 2239 608 2328 vulgarem,
638 2239 695 2306 sed
715 2241 839 2306 divinae
863 2238 954 2304 sirni-

103 2323 177 2392 ‚lent
193 2351 201 2390 ε
219 2329 333 2406 eritis,
357 2329 486 2416 inquit,
510 2331 595 2394 sient
608 2327 658 2391 dii
679 2332 818 2394 scientes
839 2329 954 2397 bonum

110 2430 147 2482 et
171 2411 303 2480 malum.
329 2417 402 2482 Nec
427 2413 554 2505 probari
578 2432 714 2504 potest,
740 2416 898 2480 Adamum
922 2417 955 2484 in

108 2524 154 2570 eo
180 2526 289 2570 errore
314 2503 435 2584 luisse,
459 2525 495 2570 ut
512 2503 664 2592 loquendi
683 2502 864 2574 facultatem
882 2517 953 2576 ser}-

111 2593 203 2680 penti
223 2593 426 2682 congenitam
447 2615 516 2659 esse
542 2591 721 2666 crediderit.
747 2592 953 2659 Poruieenirn

115 2678 294 2746 existimare
318 2682 435 2748 virtute
466 2681 571 2768 aliqua
602 2681 707 2748 divina
734 2683 892 2769 loquelam
926 2685 953 2752 ei

113 2787 299 2834 concessam
329 2767 454 2847 fuisse3
491 2771 762 2855 quemadmodum
789 2773 819 2834 in
851 2767 955 2836 fructu

112 2855 263 2922 scientiae
283 2857 408 2924 boniet
430 2859 504 2924 mali
519 2859 581 2924 vim
602 2859 740 2938 aliquam
763 2879 955 2946 supernaru-

112 2943 213 3010 ralem
237 2946 341 3010 latere
357 2947 525 3012 arbitratus
551 2965 609 3012 est.
637 2947 780 3012 Tandem
808 2945 970 3032 quamvis„

111 3033 260 3133 &damus
278 3032 501 3126 philosophiae¹
517 3035 659 3104 habiturn
676 3032 815 3098 inlusum
828 3031 954 3130 habuo3
