2246 3412
150 153 215 224 ω,
381 171 386 180 ·
424 144 613 202 tustinus·
637 145 789 204 nutans*

146 225 389 296 immutabilitati
405 227 468 305 n'on
484 226 544 290 sint
557 227 738 305 contraria3
756 221 933 292 universali
949 239 1053 298 tamen

148 343 253 384 rerum
268 316 371 381 ordini
385 316 540 378 contraria
557 333 643 394 sunt,
657 332 689 380 et
704 337 776 380 vera
793 333 870 380 sunt
885 317 1047 387 miracula.

147 407 239 472 Patet
250 427 345 492 ergo,
360 405 521 489 Spinosam
536 404 757 477 miraculorum
775 398 1048 496 essent'iarumque

149 499 310 560 notionem
327 507 452 558 omnent
468 493 673 578 pervertisse,
689 509 722 568 e,t
745 489 826 556 falso
844 493 980 563 divinae
991 501 1049 560 irn-

149 583 542 666 mutabilitatispraetertn
566 582 595 644 in
620 579 759 645 divinam
778 582 1040 670 omnipotentiam

147 674 295 738 iniurium
321 666 423 732 fuisse.
447 667 540 746 Quae
556 686 661 734 autem
682 669 722 734 de
742 670 1039 738 miraculorumno·

103 812 107 821 ,
148 762 236 825 tione
258 757 443 824 tradidimus
470 804 480 836 ,
501 757 645 844 apprime
668 761 865 824 conveniunt
892 782 970 826 cum
985 761 1042 826 du·

149 847 371 913 ctrina'Sancti
388 847 553 935 Augustini
580 843 639 912 lib.
656 855 685 914 6.
700 847 741 912 de
755 845 881 913 Gener.
908 850 962 916 ad
980 849 1045 916 litt.

149 960 222 1025 cap:
244 958 292 1024 ¹3·
309 960 317 998 ε
334 957 394 1000 non
416 939 499 999 enim
520 939 588 999 ista
599 956 696 1023 quum
700 933 793 1020 fiunt
810 950 933 1002 contra
946 954 1046 1004 natu·

148 1049 221 1091 ram
235 1071 244 1103 ,
252 1023 342 1108 fiunt
352 1027 417 1087 nisi
430 1025 519 1088 nobis
534 1025 677 1112 kquibus
689 1021 960 1091 aliter'natnrae
972 1049 1043 1092 cur·

143 1129 206 1179 -rus
219 1115 356 1178 intremit
372 1127 392 1188 ς’
414 1132 475 1176 non
498 1128 611 1178 autem
629 1109 731 1193 Deo,'
753 1114 810 1180 cui
837 1110 897 1180 hoc
918 1130 973 1182 est
986 1140 1045 1184 na·

147 1217 252 1282 eura,
269 1199 359 1291 quod
368 1197 507 1281 fectrit.

411 1329 691 1452 Antrovuvs
721 1371 793 1446 tv.

143 1485 156 1606 f
190 1570 194 1583 .
213 1510 271 1596 De
284 1507 357 1576 Deo
371 1503 515 1576 Domino
530 1523 563 1576 et
579 1509 623 1575 ab
637 1504 816 1576 hominibus
830 1507 982 1579 colendo

160 1661 167 1666 ·
213 1664 216 1675 .
814 1653 820 1666 ·
896 1639 909 1672 Ι

140 1671 230 1772 [Duo
264 1703 453 1754 contorta·
486 1704 679 1750 nuutmvu
715 1704 755 1750 nt
786 1705 907 1750 omnus
930 1705 1040 1753 onet-

150 1839 152 1845 ,
198 1797 315 1842 avum
333 1821 342 1855 ,
359 1793 496 1848 sarova
521 1794 680 1840 insomne
705 1792 833 1868 manvu
850 1795 1045 1842 montrera.
1074 1851 1085 1884 ο

142 1939 165 1962 2
192 1907 220 1976 Ι.
267 1898 518 1973 Ptnbt‘Etenim
536 1905 621 1970 Deus
637 1903 720 1968 hunc
735 1905 891 1970 mnndum
908 1903 1046 1994 adspec-

148 1997 276 2065 tabilem
307 2017 481 2082 omnesque
509 2011 665 2059 creaturas
693 2014 732 2058 ex
761 1993 859 2061 nihilo
887 1993 1045 2060 liberrime

134 2086 326 2177 produxit,
348 2103 380 2150 et
396 2085 457 2147 ¹ita
483 2098 672 2160 conservat,
687 2099 723 2146 ut
750 2101 894 2148 cessante
917 2086 1044 2150 actione

75 2201 78 2206 ’
133 2167 256 2244 ldivina
275 2222 283 2254 ,
302 2174 333 2236 in
361 2171 494 2236 'nihilum
509 2171 683 2238 reciderent
704 2173 819 2235 omnia.
833 2169 937 2260 igitur
956 2173 1045 2238 Deus

133 2269 249 2354 ³pleno
265 2267 293 2327 in
308 2281 417 2326 omnes
434 2278 589 2325 creaturas
602 2260 740 2324 dominio
757 2258 892 2336 fruitur,
910 2277 947 2324 ac
964 2283 1045 2348 pro-

134 2357 222 2420 ·inde
235 2355 276 2418 de
287 2371 358 2416 toto
375 2349 520 2414 universo
536 2365 567 2414 et
591 2347 632 2414 de
654 2347 799 2412 omnibus
814 2352 969 2414 creaturis
984 2370 1045 2438 po-

135 2459 212 2510 itest
238 2464 298 2526 pto
322 2461 380 2504 suo
395 2437 521 2502 arbitrio
546 2437 733 2524 disponere,
758 2457 854 2522 quum
876 2438 954 2501 nihil
969 2439 1048 2502 insit

133 2532 294 2597 ·creaturis
307 2528 419 2613 ‚quod
432 2549 493 2589 non
507 2525 673 2590 habeanta
690 2525 773 2591 Deo·
789 2525 969 2610 Disponere
982 2527 1046 2616 igi·

130 2631 201 2684 ·tur
219 2633 324 2704 potest
348 2617 387 2680 de
406 2613 506 2677 liberis
531 2615 691 2680 homiuum
709 2613 892 2678 actionibus.
924 2611 1046 2702 Itaque

131 2700 297 2770 :lvotumas
314 2703 374 2766 Dei
392 2701 487 2766 debet
502 2724 570 2768 esse
585 2701 704 2765 homini
724 2704 796 2764 loeo
811 2702 963 2789 propriae
980 2727 1048 2766 vo·

132 2792 287 2858 tlu'ntatis.
305 2792 408 2872 Atque
426 2787 497 2850 hinc
513 2805 620 2875 patet,
635 2789 711 2874 quid
725 2791 764 2852 sit
775 2791 955 2876 abnegatio
968 2812 1048 2877 pro·

133 2897 144 2933 ν
173 2885 233 2942 riae
250 2875 423 2939 voluntatis
437 2875 566 2954 ¹scilicet
576 2923 585 2952 ,
601 2871 799 2963 propositum
815 2877 940 2940 firmum
960 2923 971 2955 ,
990 2879 1049 2940 ni-

134 2901 192 3025 litt
220 2963 392 3047 quidquam
411 2962 539 3025 volendi
566 2982 620 3026 ant
646 2964 785 3052 agendi,
810 2965 868 3028 nisi
891 2967 991 3057 quod
1007 2967 1050 3034 sit

134 3050 275 3115 tdiuinae
295 3045 454 3112 voluntati
471 3048 646 3118 conforme.
721 3099 723 3104 -
