2300 3506
285 159 370 206 sans
387 157 419 202 t.
446 145 605 203 aootcss.
625 149 704 200 ost.
729 151 756 200 t·
794 217 797 222 Ι
827 172 833 182 -
910 131 948 224 55'

99 237 249 288 nostram
276 229 371 294 rebus
399 223 600 294 sensibilibus
622 221 666 286 ita
693 235 850 288 assuetam
867 243 948 308 esse,

102 328 147 376 ut
163 313 253 376 etiam
276 339 380 404 quum
402 317 443 382 de
467 313 558 379 rebus
579 311 794 399 spiritualibus
814 311 949 402 cogitat,

106 403 271 486 corporeis
288 406 474 494 imaginibus
493 403 671 478 obruatur;
703 421 761 466 nec
777 401 841 466 sine
857 423 950 468 sum-

109 507 259 556 macuta
287 515 319 562 et
346 495 524 560 attentione
548 490 633 558 ideas
659 508 782 554 nostras
808 489 848 553 ab
871 513 950 556 om·

107 578 138 639 ni
170 601 300 664 prorsus
327 583 400 650 labe
427 599 586 669 corporea
611 577 742 645 liberate
769 595 800 646 et
828 601 949 668 exput-

103 685 182 753 gare
199 679 381 752 possumus
411 671 484 735 Hac
507 670 547 734 de
563 687 658 732 causa
676 664 809 733 fortasse
834 669 950 732 tudio-

89 765 173 820 ·res'
192 756 363 838 homines,
404 759 458 848 qui
490 775 661 842 numquam
691 757 950 824 meditationibus

104 863 293 926 vacarunt,
320 849 395 913 nihil
421 847 479 914 uisi
504 865 577 912 cum
599 845 732 934 imagine
755 847 947 932 percipiunt·

102 933 152 996 At
176 934 255 1000 illae·
272 937 423 1025 imagines
447 937 527 1004 senis
555 957 587 998 v.
618 955 648 1025 g.
671 951 704 997 et
720 934 837 998 iuvenis
859 935 946 1016 alati,

105 1043 193 1106 quas
220 1025 309 1088 multi
337 1049 377 1092 ex
399 1023 511 1114 puerili
536 1021 767 1088 consuetudine
796 1019 853 1086 sibi
883 1023 948 1088 lin-

106 1127 217 1195 gunt,
245 1131 340 1198 quum
358 1115 401 1183 de
415 1117 487 1180 Deo
504 1131 536 1178 et
554 1110 680 1200 Angelis
694 1110 859 1199 cogitant,
882 1125 947 1178 noo

107 1215 185 1261 sunt
207 1201 295 1287 ipsae
312 1203 374 1272 Dei
387 1221 426 1269 -et
442 1201 638 1288 Angelorum
661 1199 749 1268 ideae
767 1244 777 1278 ,
807 1201 862 1266 sed
876 1223 947 1268 tne-

105 1307 141 1349 ta
162 1287 409 1376 phantasmata,
437 1313 520 1379 quae
530 1289 616 1356 ideas
630 1287 694 1356 illas
710 1289 946 1356 commitantut.

104 1373 150 1439 Et
176 1393 263 1444 certe
289 1381 313 1444 si
337 1381 458 1446 nullam
481 1381 571 1446 aliam
589 1377 657 1442 *Del
688 1378 789 1444 ideam
812 1377 946 1444 habere-

61 1455 65 1462 ’
104 1485 177 1526 mus
205 1485 330 1552 praeter
360 1470 464 1535 ideam
492 1465 676 1536 venerabilis
706 1466 811 1540 senis,
842 1467 947 1532 omnia

106 1574 191 1638 quae
214 1554 253 1619 de
276 1557 349 1622 Deo
374 1557 547 1622 formamus
568 1555 707 1631 iudicia,
733 1552 823 1616 nobis
839 1575 947 1640 appa-

110 1659 180 1703 rere
195 1642 345 1709 deberent
361 1667 492 1730 prorsus
507 1643 585 1710 falsa
602 1689 611 1722 ,
637 1657 749 1727 utpote
766 1638 839 1707 huic
859 1643 947 1709 ideas

111 1730 283 1793 contraria.
308 1733 391 1797 Nam
424 1735 539 1800 iudicia
562 1732 616 1797 illa
641 1731 718 1798 falsa
746 1750 814 1797 esse
839 1731 948 1798 credi-

111 1835 210 1894 mus,
243 1843 323 1906 quae
343 1826 500 1890 contraria
515 1819 685 1888 suntideis
703 1841 805 1887 terum
823 1861 833 1897 ‚
865 1833 947 1910 quas

108 1905 140 1968 in
169 1925 273 1974 mente
300 1910 484 1990 habemus,
518 1912 657 1997 ideoque
686 1933 750 1976 nou
777 1929 946 1998 possemus

107 1993 252 2062 iudicare
268 2045 279 2076 ,
309 1999 416 2064 Deum
433 2021 501 2066 esse
523 1998 659 2087 partium
675 2019 863 2086 expertem,
892 1999 946 2064 in-

107 2103 303 2170 corporeum
318 2131 327 2166 ‚
351 2088 560 2166 invisibilem
580 2085 736 2175 siquidem
751 2085 947 2154 haecomnia

105 2192 180 2236 cum
204 2174 272 2238 idea
292 2177 480 2246 venusinus
502 2175 585 2250 senis
607 2176 694 2244 nulla
715 2177 839 2249 ratione
858 2192 945 2242 coss-

103 2263 213 2328 veoite
243 2284 393 2350 possunt.
941 2286 944 2294 ’

172 2347 248 2414 lnst.
265 2373 298 2438 3.
322 2354 501 2439 Apostolus
516 2353 567 2422 ad
579 2353 671 2419 Rom.
689 2373 762 2442 cap.
778 2373 805 2420 1.
824 2352 964 2421 scribit.-

104 2438 285 2504 invisibt'lia
306 2440 402 2509 Dei...
414 2465 479 2532 per
492 2465 532 2509 ea
545 2487 554 2522 ,
569 2441 764 2532 quaefacta
779 2460 875 2522 sunt,
888 2447 944 2508 in-

105 2524 240 2592 tellecta
255 2536 518 2616 conspiciuntur:
531 2553 608 2624 ergo
623 2533 709 2598 Deus
723 2555 786 2598 oon
800 2553 943 2622 cognos-

106 2614 188 2678 citut
211 2637 229 2680 a
256 2617 374 2696 nobis,
405 2621 460 2685 nisi
486 2639 542 2706 pet
569 2623 842 2708 comparationem
866 2643 943 2690 cum
1000 2655 1002 2666 t

105 2700 200 2766 rebus
217 2709 395 2792 corporeis.
421 2710 521 2794 Resp.
547 2707 631 2776 hunc
644 2731 712 2776 esse
727 2731 852 2776 sensum
867 2729 944 2778 tex-

103 2809 153 2856 tus
170 2793 347 2879 Apostoli,
377 2795 558 2872 invisibilia
575 2799 673 2865 Dei...
691 2819 754 2885 per
769 2823 808 2866 ea
823 2846 834 2877 ,
859 2819 945 2888 quae

92 2879 197 2963 facta
209 2899 307 2964 sunt,
321 2883 496 2954 intellecta
508 2889 771 2976 (conspiciuntur,
787 2899 944 2976 quatenus
