2246 3412
154 59 221 130 ero
431 79 630 141 nrtsrrnvn.
654 82 799 130 nutent.
843 89 848 100 ·
1116 29 1118 74 ¹

155 149 381 240 peccati,tutn
397 153 508 240 quoad
531 153 727 242 physicum,
751 171 820 218 tum
851 146 972 238 quoad
998 169 1073 212 mo·

153 240 344 328 raie,quod
369 243 400 306 in
427 261 500 313 actu
515 242 673 332 ,singulari
703 238 889 308 necessario
914 237 1075 302 coniuno-
1117 249 1118 264 *

154 344 223 394 tum
239 345 284 394 est
310 352 383 394 curn
409 331 557 420 physico.
585 329 730 395 Tandem
752 328 879 406 homo,
899 326 968 414 ¹qui
999 348 1073 412 pec-

153 435 226 496 cat,
243 416 384 505 privatus
403 415 462 484 fuit
480 421 699 504 praenotione
714 419 755 484 ad
773 439 839 482 non
856 415 1071 503 peccandum
1117 447 1118 498 3

154 507 347 586 necessaria,
364 507 588 576 immorhabuit
607 509 862 596 praenotionem
881 503 1066 570 necessario

155 595 358 662 coniunctam
381 604 455 659 cunr
481 613 554 662 actu
580 597 723 682 pcccati;
747 617 823 684 ergo
847 615 920 660 non
947 607 1065 680 poterat

157 704 224 749 non
239 703 381 770 peccare.
405 707 418 769 ξ
431 683 609 762 Quomodo
627 685 721 774 igitur
737 683 835 748 homo
851 683 986 768 peccati
1000 701 1061 746 teuc

160 791 227 836 etse
239 789 344 856 potest
357 816 367 852 ,
380 774 435 858 qui
452 770 525 839 fecit
538 773 590 850 iu,
606 775 646 840 ad
660 773 830 861 quoderat
847 791 867 834 a
881 770 964 836 Deo
976 791 1063 859 prac-

160 857 409 939 determinatus,
422 860 532 930 et'non
550 861 623 928 fecit
637 861 775 940 bonum,
790 857 886 948 quod
907 881 978 924 non
994 877 1065 944 pot-

158 965 225 1014 erat
253 943 359 1016 facere
380 951 444 1018 sinc
465 950 704 1038 praenotione,
729 972 823 1039 quam
845 968 918 1013 non
944 947 1059 1026 habuit,

161 1054 195 1104 et
205 1057 286 1126 quae
300 1037 340 1103 ab
356 1039 427 1126 ipso
443 1060 506 1104 non
522 1038 708 1126 pendebat?

227 1124 440 1215 Respondent
454 1127 622 1196 thomistae
638 1128 681 1196 1.‘'
699 1125 768 1194 Has
783 1122 1000 1192 difficultates
1010 1120 1065 1188 ob-

162 1212 213 1280 iici
229 1235 294 1280 non
309 1238 401 1304 posse
417 1215 458 1282 ab
477 1217 533 1296 iis,
551 1218 608 1306 qui
628 1237 816 1284 concursum
838 1214 1053 1280 immediatum

153 1300 225 1388 ‘Dei
258 1300 290 1368 in
326 1305 471 1370 omnibus
505 1301 881 1380 creaturaruma‘ctibus
925 1303 1058 1390 exigunt.

162 1388 445 1470 Quemadmodum
464 1395 544 1458 enim
561 1393 650 1461 Deus
666 1395 824 1458 concurrit
843 1391 886 1456 ad
900 1387 1064 1458 materiale

152 1480 311 1567 peccati,
337 1483 411 1548 iicet
435 1503 498 1546 non
518 1502 686 1549 concurrat
706 1482 749 1548 ad
770 1479 928 1559 formale,
945 1482 988 1544 ita
1007 1479 1059 1542 eti-
1117 1513 1118 1516 ¹

154 1587 217 1634 :am
234 1587 342 1654 potest
364 1591 569 1657 praemovere
591 1571 632 1636 ad
660 1591 765 1636 actum
782 1570 905 1655 peccati
920 1615 932 1647 ,
950 1583 1055 1654 quate-

166 1675 226 1744 nus
243 1660 395 1742 praecisse
413 1678 461 1724 est
475 1660 589 1726 entitas
608 1659 740 1749 physica
756 1680 810 1724 seu
825 1659 912 1722 actio
932 1656 1058 1746 physica

154 1760 202 1818 :ct
215 1744 323 1824 realis,
338 1765 486 1814 ettamen
501 1769 566 1814 non
582 1747 869 1836 praedeterminare
885 1745 931 1812 ad
949 1743 1061 1810 furora-

154 1829 200 1900 slc
213 1852 267 1919 teu
282 1835 429 1900 malitiam
444 1836 525 1902 itlius
539 1837 682 1904 actionis.
698 1837 774 1900 Non
789 1837 891 1912 enim,
906 1834 1063 1922 inquiunt,
1116 1889 1117 1920 r

155 1922 268 2012 3magis
293 1923 441 1990 dividitur
467 1925 518 1990 vel
540 1925 740 2013 distinguitur
756 1922 888 1997 forrntle
904 1923 1064 2010 peccatia
1116 1931 1117 1993 i

157 2009 322 2101 ,materiali
339 2013 369 2075 in
384 2035 543 2082 concursu
554 2013 755 2091 immediato,
771 2014 826 2100 qui
842 2033 917 2078 vera
944 2029 993 2078 est
1005 2031 1060 2074 ac-

169 2110 229 2188 tus¹
252 2099 445 2186 productio,
471 2124 565 2190 quam
595 2103 626 2166 in
659 2101 879 2192 praenotione
913 2099 962 2189 ph
992 2099 1065 2174 sica,

160 2203 252 2272 ,quae
274 2187 369 2254 etiam
393 2191 468 2256 nihil
490 2189 579 2260 aliud
611 2209 679 2269 est,
701 2211 796 2278 quatu
821 2204 913 2254 actus
940 2121 1059 2276 piysici

170 2270 355 2362 productio.
371 2273 467 2344 ¹Naro
494 2282 670 2367 producere
698 2298 805 2344 actum
829 2298 988 2343 concursu
1007 2289 1060 2340 aut
1115 2257 1116 2325 i

173 2364 519 2449 praedeterminationc
549 2385 622 2436 sunt
643 2387 746 2432 unum·
766 2386 799 2436 ct
814 2365 910 2433 idem
941 2363 1064 2434 diversit

173 2450 350 2523 nominibus
365 2477 559 2542 expressum.
728 2474 746 2533 q

231 2539 453 2630 'Respondent
470 2546 528 2612 11.⁰
546 2546 575 2610 in
593 2543 736 2630 quolibet,
752 2558 925 2632 systemate
941 2542 1063 2610 duoct·
1114 2575 1115 2580 κ

149 2634 399 2712 ’θθ.ἢθ,οθδὲἓῐῐο
422 2633 665 2720 distinguenda,
686 2634 852 2724 physicum
872 2631 1016 2710 scilicet,
1035 2647 1065 2699 et
1114 2597 1115 2659 i

173 2715 299 2782 morale
316 2736 415 2784 actus.
433 2721 609 2810 Physicurn
626 2742 671 2790 est
688 2723 817 2806 ipsamet
832 2721 945 2786 entitas
962 2718 1065 2786 actio·
1113 2721 1114 2778 i

172 2801 220 2862 nis
243 2808 390 2887 praecise
404 2827 552 2894 sumpta,
566 2828 735 2876 seuactus.
753 2827 913 2896 spectatus
930 2807 1065 2892 praecise

174 2889 348 2953 secondum
365 2913 450 2962 suain
467 2896 683 2977 substantiam.
699 2890 825 2964 Moralc
838 2915 884 2962 est
899 2893 1068 2960 conformi·

171 2985 222 3038 ⁸²³
242 2977 294 3066 ¹91,
314 2977 648 3074 difformitasactionis
673 3007 747 3055 curn
770 2987 851 3079 lege.
873 2983 973 3053 Actio
994 2982 1067 3054 nala
1112 3075 1113 3078 Ἴ
