2298 3418
215 105 280 174 208
462 121 648 180 tutumve,
676 125 814 174 raucos.
868 135 894 168 Ιι

213 187 372 282 inpotens.
404 211 444 258 11.
474 193 676 284 Quicumque
699 209 748 260 est
775 197 998 284 omnt'potens,
1024 198 1060 262 ir

209 297 322 372 potest
323 279 445 361 facere
455 284 623 372 quidquid
633 298 683 350 ert
690 282 847 370 possibile
854 307 870 360 ;
885 284 949 350 sed
959 285 1056 352 Deus

212 387 263 437 est
298 374 526 458 omnipotens;
557 393 633 460 ergo
663 371 759 439 Deus
795 387 905 462 potest
931 370 1056 452 facere

213 458 379 550 quidquid
386 473 443 530 est
466 461 635 552 possibile.
666 480 725 528 ur.
757 461 824 551 Qui
833 475 942 549 potest
946 459 1059 543 face-

213 571 249 612 re
274 546 512 638 quodquidam
535 545 718 638 possibili,
746 553 776 618 is
798 563 909 639 potest
929 547 1059 628 facere

212 635 381 728 quidquid
408 641 699 704 contradictionem
719 661 779 704 non
802 635 936 705 involvit
949 659 964 713 ;
993 639 1064 716 sed

212 725 310 792 Deus
335 741 443 812 potest
464 725 583 809 facere
612 725 781 817 quidquid
805 740 856 792 est
877 725 1056 816 possidii&

211 836 287 904 crgo
303 813 399 880 Dens
420 817 529 904 potcrt'
540 815 659 898 facere
681 813 851 906 quidquid
858 815 1058 882 contradic·

213 908 336 970 tionem·
360 927 420 968 non
443 903 589 982 involvit.
619 905 779 982 Quoniam
806 905 905 993 igitur
936 905 966 968 in
995 925 1059 982 soe

213 991 273 1062 tite
295 993 401 1079 plures
425 994 600 1082 syllogismi
626 996 657 1056 in
679 1015 772 1058 unam
797 994 1080 1082 argumentatio-i

211 1104 282 1149 nem
298 1081 532 1148 contrahuntur
547 1081 710 1160 ‚evidens
737 1097 784 1150 est
800 1123 810 1162 ,
834 1081 967 1148 soritem
981 1103 1055 1150 esse

209 1171 433 1256 compendium
461 1173 712 1260 argumentandi.

219 1309 225 1316 .
254 1257 317 1326 11,
346 1259 376 1324 Si
401 1260 507 1346 plures
531 1258 647 1327 fuerint
669 1259 907 1350 propositiones
930 1257 1047 1347 hypo-

209 1345 349 1420 theticae
367 1347 410 1412 ita
425 1368 654 1436 comparatae,
681 1366 717 1415 ut
735 1367 932 1437 consequens
952 1348 1051 1414 unius

208 1436 248 1502 sit
282 1437 437 1504 continuo
469 1438 664 1522 antecedens
702 1439 846 1527 proxime
875 1437 1051 1524 sequentis,

209 1527 318 1612 posito
347 1528 555 1594 antecedente
574 1529 726 1617 primae,
755 1529 887 1616 ponitur
912 1546 1054 1614 quoquc

212 1635 410 1702 consequens
438 1615 576 1682 ultimae.
610 1614 767 1699 Exemplo
792 1616 832 1679 sit
855 1612 1052 1700 praecedens

151 1745 155 1754 ·
211 1706 442 1792 argumentatio
480 1705 521 1770 ad
556 1703 688 1769 forratam
718 1703 961 1794 hypotheticam
996 1723 1051 1768 te-

211 1791 335 1858 ducta:
367 1797 399 1854 ri
421 1790 516 1858 Dent
534 1808 584 1859 ert
605 1797 831 1879 omnipotens,
859 1804 970 1880 potest
979 1788 1050 1870 fa-

138 1933 141 1954 .
208 1902 281 1946 cere
303 1877 472 1968 quidquid
484 1895 535 1946 est
552 1878 734 1967 possibile.-
761 1884 792 1946 si
809 1896 918 1970 potest
926 1878 1068 1960 facere-

210 1965 379 2058 quidquid
400 1983 451 2034 est
474 1969 656 2057 possibile,
681 1983 794 2058 potest
806 1968 926 2050 facere
950 1965 1054 2057 quid-

210 2055 297 2146 quid
309 2055 600 2145 contradictionem
613 2080 674 2126 non
688 2055 823 2124 involvit
836 2103 848 2136 ,
875 2075 938 2122 cet.
963 2055 1069 2138 Haec,

210 2148 472 2233 argumentatio,
499 2169 563 2235 qua
587 2169 627 2212 ex
651 2145 793 2234 pluribus
819 2146 1055 2232 propositioni-

210 2233 270 2300 bus
284 2233 515 2324 Jhypotheticis
530 2236 612 2301 inter
626 2257 659 2301 se
676 2234 842 2324 praedicto
859 2232 959 2298 modo
974 2251 1055 2296 con·

210 2323 297 2390 nexis
316 2320 458 2390 vinfertur
482 2326 672 2401 conclusio,
699 2323 819 2389 dicitur
847 2325 967 2388 sorites
997 2320 1056 2408 ly-

205 2413 422 2501 potlteticus,
455 2433 550 2498 quem
571 2409 700 2500 quidem
716 2413 747 2476 in
766 2410 975 2500 syllogismos
990 2407 1060 2498 hy·

213 2501 400 2590 potltet'icos
427 2501 550 2566 resolvi.
570 2523 697 2589 posse,
730 2500 860 2567 evidens
887 2516 946 2564 est.
977 2496 1061 2576 Quia
1087 2573 1091 2580 ι

213 2611 293 2656 vcro
313 2587 420 2662 omnis
440 2592 617 2674 propositio
630 2586 871 2677 categoricaad
894 2585 1063 2674 hypothe-

212 2680 307 2744 ticam
330 2676 438 2742 reduci
456 2695 564 2764 potest
582 2701 592 2757 ;
622 2677 735 2743 sorites
752 2674 926 2766 generatim
950 2673 1062 2740 delini·

214 2784 267 2830 tur
287 2771 553 2854 argumentatio,
586 2788 650 2855 qua
675 2751 811 2834 iitfertur
836 2765 1002 2830 conclusio
1026 2784 1065 2829 ex

215 2855 361 2946 pluribus
391 2857 570 2945 praemissis
610 2857 751 2924 invicem
782 2853 900 2936 iunctis
914 2897 926 2936 ,
953 2853 997 2918 ita
1030 2867 1066 2917 ut
