2258 3428
222 206 307 254 sans
329 205 358 253 r.
386 203 541 254 sonions.
566 205 642 256 car.
663 203 723 255 nt.
814 205 875 278 123

36 300 119 348 nem
148 275 348 357 redditurus,
387 299 444 342 cur
473 298 610 364 corpora
645 295 752 345 versus
783 291 887 344 terras

40 387 188 434 centrum
218 365 386 445 feruntur,
414 364 637 446 affirmaverit,
668 366 700 432 id
732 365 798 432 fieti
831 386 889 453 per

44 457 256 547 gravitatem,
279 475 312 521 et
334 455 416 518 hanc
432 454 601 522 descensus
622 476 792 546 corporum
809 475 890 520 cau-

49 569 113 610 sam
142 544 292 623 affetar3
323 543 349 608 is
381 543 459 610 nihil
489 544 574 610 aliud
601 544 700 626 dixit,
728 543 784 611 niti
817 565 890 610 cor·

50 657 122 724 pora
150 633 229 702 ferri
254 654 364 698 versus
392 649 537 698 centrum
567 650 687 714 terrae,
710 637 784 724 quia
810 653 890 699 ver·

47 746 92 789 sus
116 744 229 790 terrae
266 740 411 788 centrum
435 721 599 804 feruntur,
625 720 715 812 quod
745 741 890 812 nugato-

44 817 121 880 rium
141 831 202 879 est.
230 811 316 876 Fieri
343 811 450 900 itaque
472 831 597 901 potest,
618 829 655 878 ut
681 811 751 898 quis
775 811 892 880 habeat

43 905 215 968 notionem
249 899 415 989 genuinam
446 901 605 968 vocabulo
634 900 892 986 respondentem,

41 991 97 1058 sed
122 1013 213 1078 quae
237 1011 276 1054 err
301 989 402 1054 abusu
424 989 456 1053 in
479 992 642 1055 notionem
663 985 806 1056 fallacem
829 989 893 1056 de·

44 1096 183 1170 generat
196 1125 205 1155 ‚
220 1077 265 1141 ira
280 1097 314 1142 nt
331 1077 522 1144 vocabulum
539 1081 629 1146 inane
646 1079 696 1144 sit.

92 1165 206 1236 V111.
254 1166 381 1244 Notio,
396 1189 458 1252 qua
474 1185 730 1258 repraesentatur
748 1187 819 1246 res,
835 1185 896 1230 vo-

46 1257 170 1322 cabulo
193 1254 302 1340 aliquo
328 1253 483 1342 designari
507 1259 620 1337 soiita,
642 1257 789 1346 propiam
813 1256 895 1322 eius·

47 1347 121 1412 dem
153 1343 308 1410 vocabuli
347 1346 603 1434 significationem
638 1345 827 1426 constituit,
863 1361 895 1410 et

47 1435 249 1500 vocabulum
273 1433 384 1499 tandiu
410 1437 537 1521 proprie
560 1435 715 1516 sumitur,
738 1433 893 1522 quamdiu

50 1523 153 1589 eidem
184 1525 241 1588 ilia
271 1525 362 1586 notio
387 1523 590 1608 attribuitur,
625 1540 721 1610 atque
753 1521 897 1586 vocabu·

51 1611 120 1674 ium
163 1611 269 1688 iiiud,
310 1616 480 1700 proprium
519 1611 700 1701 appellatur
736 1628 897 1696 tamquam

57 1699 228 1786 proprium
252 1698 340 1764 huius
373 1702 509 1766 notionis
543 1699 593 1767 vel
621 1700 663 1766 rei
689 1700 820 1788 signum.
848 1699 896 1762 Sic

60 1787 95 1848 in
131 1807 269 1852 sermone
296 1788 421 1876 uulgari
451 1810 515 1855 vox
548 1788 598 1856 sol
624 1789 775 1878 significat
806 1785 894 1852 istud

62 1873 215 1941 luminare
245 1900 418 1966 magnum,
448 1901 465 1943 a
488 1899 555 1966 quo
577 1881 678 1944 lucem
702 1898 734 1943 et
756 1879 896 1943 calorem

57 1962 91 2026 in
117 1982 198 2030 terra
218 1963 378 2030 haurimus
395 1984 450 2044 ,et
465 1969 556 2055 quod
576 1989 633 2032 suo
655 1989 686 2034 se
702 1964 825 2056 fulgore
841 1989 896 2030 sa·

57 2055 97 2118 tis
113 2057 234 2142 prodit.
259 2055 423 2134 Quamdiu
452 2056 529 2120 haec
549 2079 614 2120 vox
633 2055 673 2122 de
687 2077 821 2140 corpore
837 2056 899 2118 isto

56 2144 148 2208 totali
178 2162 377 2232 usurpatur,
403 2145 524 2212 tamdiu
552 2147 660 2212 eadem
683 2146 815 2230 proprie
841 2163 899 2206 su-

7 2283 8 2286 *
55 2233 164 2296 mitur.
182 2233 347 2312 Quoniam
369 2234 466 2324 igitur
487 2255 583 2300 voces
602 2280 612 2313 ,
628 2229 743 2320 quibus
759 2233 789 2295 in
806 2254 900 2295 corn-

53 2321 145 2386 muni
169 2343 315 2387 sermone
338 2325 480 2399 utimur,
506 2323 598 2387 rebus
615 2323 695 2386 daris
716 2320 900 2409 significan-

53 2410 104 2475 dis
125 2409 357 2489 destinantur,
382 2411 635 2499 significationem
663 2410 824 2498 propriam
838 2407 901 2473 ha-

51 2497 149 2564 bent.
176 2499 310 2581 Propria
325 2518 430 2566 aurem
453 2501 483 2563 in
499 2499 658 2564 communi
675 2521 821 2565 sermone
836 2519 901 2562 vo·
925 2547 928 2552 -

53 2609 133 2652 cum
156 2587 343 2676 significatio
369 2588 535 2653 constituit
560 2611 650 2654 usum
667 2588 815 2676 loquendi
832 2633 841 2663 ,
857 2589 900 2654 ita

54 2695 93 2740 ut
114 2696 211 2740 usum
237 2675 390 2762 loquendi
418 2676 566 2742 observet
581 2679 632 2743 iile
652 2723 661 2755 ,
684 2679 738 2761 qui
766 2675 899 2741 vocibus

54 2765 164 2853 iungit
185 2785 292 2830 earum
320 2785 420 2829 rerum
445 2765 618 2843 notiones,
643 2765 759 2849 quibus
788 2767 902 2854 signifi·

54 2851 172 2918 candis
197 2874 293 2918 voces
310 2851 380 2915 iiiae
409 2875 448 2920 ex
466 2853 616 2942 loquendi
639 2875 699 2916 usu
721 2854 900 2921 destinatas

57 2959 150 3007 sunt.
166 2937 206 3004 ln
224 2942 386 3006 communi
407 2963 552 3009 sermone
577 2940 692 3008 servati
710 2942 829 3009 debent
850 2959 901 3002 re·
