2326 3438
246 163 331 227 unns
354 179 406 228 tv.
430 178 583 229 tonsore
606 178 681 228 cae.
705 178 732 227 r.
851 179 913 250 ²77

67 244 139 326 tis,
172 261 205 313 et
226 249 303 314 nihil
327 249 426 317 simile
450 250 482 314 in
512 271 663 336 campana
689 245 818 316 existite
849 271 914 316 non

69 355 158 422 ergo
185 339 297 404 eodem
322 361 415 404 sensu
445 359 509 402 vox
530 337 607 403 lraec
629 340 660 408 in
676 354 812 422 utroque
840 360 914 404 casu

68 421 272 490 adhibetur:
305 429 377 492 saris
403 445 515 492 notum
544 426 617 490 mihi
645 443 720 502 est,
750 425 828 513 quid
859 447 915 515 per

70 529 191 576 sonunt
213 513 432 604 intelligatur,
463 514 593 601 quando
617 515 655 580 de
681 516 859 600 sensatione
880 538 914 582 a·
949 584 951 591 ,

70 600 170 686 gitur.
199 601 304 686 Facile
339 624 469 688 quoque
498 603 614 691 detego
644 624 700 688 per
730 624 842 669 sonunt
880 605 913 675 iu

70 707 230 777 campana
246 690 378 780 intelligi
398 690 500 769 illud,
527 691 617 778 quod
636 690 669 754 in
681 713 836 780 campana
850 692 912 757 da-

72 792 156 855 tur,
184 777 260 842 dum
285 802 345 867 ego
375 801 488 846 sonum
513 780 637 857 audio,
661 795 692 846 et
716 802 782 864 quo
808 780 913 848 subla·

72 878 111 926 to
140 885 237 930 sonus
263 883 377 946 cessat.
405 868 493 948 Quid
521 866 582 932 hoc
609 865 648 931 sit
670 871 700 932 in
722 867 914 936 discussione

7 1015 8 1020 ,
72 955 263 1040 propositae
288 957 482 1042 quaestionis
509 955 725 1043 quaerendum
751 958 818 1022 erit.
848 958 914 1026 Vl·

45 1072 55 1079 ·
73 1041 177 1106 terius
193 1041 310 1122 video,
335 1068 384 1110 me
400 1045 627 1111 discussionem
643 1043 734 1108 huius
751 1049 915 1132 quaestio·

73 1127 126 1191 nis
140 1129 286 1196 inutiliter
301 1134 463 1220 suscipere
482 1178 492 1211 ,
521 1132 579 1196 nisi
594 1131 748 1220 quaedam
766 1132 915 1200 mihisint

74 1233 247 1303 perspecta
257 1263 269 1296 ,
300 1243 382 1308 quae
397 1221 437 1288 ad
453 1221 645 1288 sensationes
659 1222 829 1309 pertinent.
861 1223 913 1287 Sa·

73 1305 115 1368 tis
132 1325 236 1372 autern
258 1325 330 1385 est,
363 1311 484 1374 novisse
506 1307 714 1376 sensationenr
738 1310 805 1374 soni
828 1333 913 1398 pen·

71 1389 155 1457 dere
185 1414 204 1458 a
232 1397 318 1460 nervi
349 1397 497 1464 auditorii
528 1396 724 1486 agitatione3
754 1414 785 1464 et
813 1421 914 1485 quutu

75 1481 158 1546 auris
182 1482 220 1546 sit
239 1484 365 1550 auditus
386 1507 563 1575 organum,
594 1506 708 1550 nervus
732 1482 781 1548 hic
805 1486 836 1550 in
860 1487 915 1571 ip-

77 1587 115 1631 so
144 1569 199 1632 illo
227 1593 350 1660 organo
386 1571 585 1662 quaerendus
623 1588 679 1638 est.
717 1569 914 1649 Quaestione

76 1654 140 1722 iarn
167 1657 246 1724 bene
275 1660 466 1746 intellecta,
502 1661 543 1727 ad
572 1659 742 1726 secundant
773 1661 915 1750 regulam

76 1749 310 1818 transeundum
332 1767 392 1816 est.

146 1825 274 1922 Regula
289 1859 336 1902 υ.
349 1838 505 1927 Quaestio
516 1851 566 1902 est
579 1835 793 1926 corrigenda,
809 1852 841 1904 et
855 1860 918 1904 ac·

75 1927 196 1989 tutare
209 1970 220 2001 ,
243 1940 275 1989 et
297 1947 396 2014 quam
422 1922 660 2014 simplicissime
685 1927 915 2014 exprimenda.

98 2093 100 2098 Ι
147 2009 247 2089 Quod
270 2031 306 2077 ut
326 2015 408 2093 fiat,
437 2036 455 2078 a
478 2015 661 2100 quaestione
684 2015 838 2082 removeri
859 2015 918 2080 de·

77 2093 135 2166 bet
162 2098 194 2164 id
227 2121 347 2181 omne,
376 2101 465 2188 quod
495 2123 513 2166 a
543 2101 674 2188 simplici
703 2120 734 2168 er
759 2101 917 2168 abstracta

79 2187 309 2274 propositionis
334 2187 588 2257 consideratione
614 2186 769 2254 abducere
792 2206 916 2276 potest,

80 2290 114 2340 et
129 2275 342 2364 supplendum
362 2277 440 2342 illud
464 2297 536 2354 est,
566 2275 656 2360 quod
671 2297 734 2340 non
758 2278 829 2338 satis
845 2277 916 2340 cla·

80 2383 114 2428 re
135 2365 330 2450 exprimitur.
358 2367 408 2434 V.
437 2387 467 2454 g.
493 2366 523 2428 in
545 2362 731 2452 quaestione
749 2363 918 2450 proposita

82 2451 122 2516 de
155 2473 260 2531 sono,
292 2454 437 2542 supplere
474 2451 626 2517 debemus
662 2451 763 2516 ideam
796 2467 916 2530 motus,

80 2560 173 2625 quern
195 2541 225 2602 in
239 2563 274 2606 ea
290 2542 397 2606 locum
412 2540 528 2606 habere
544 2561 639 2628 supra
659 2540 807 2604 vidimus.
841 2538 915 2605 Re·

83 2629 238 2714 moveoda
268 2647 374 2696 autem
403 2629 473 2694 idea
505 2627 643 2696 olsscura
675 2630 772 2704 soni,
803 2629 856 2714 qui
885 2628 918 2695 iu

83 2715 150 2803 ipsa
172 2737 324 2803 campana
344 2718 520 2802 concipitur
532 2763 543 2794 ,
574 2731 607 2781 et
628 2737 710 2780 nunc
734 2731 770 2782 nt
786 2717 828 2782 ad
848 2716 917 2782 dis·

83 2805 255 2870 cussionem
283 2803 407 2892 ipsius,
436 2803 524 2892 quod
552 2805 743 2891 quaeritur,
774 2819 917 2870 transea-

80 2903 167 2979 tnus,
191 2893 235 2960 ita
251 2893 471 2982 quaestionem
485 2894 685 2982 exprimimus
698 2916 707 2958 s
736 2892 917 2980 quaeritur,
