2326 3438
217 162 288 234 292
456 162 661 214 nummum
694 161 827 211 tultos.

211 273 225 298 .-
283 232 412 322 Regula
440 254 485 300 ν.
511 236 667 313 Divisio,
696 257 794 323 qnam
818 243 941 296 natura
967 245 1071 316 argu
1104 255 1110 258 ·

213 328 318 389 menti
331 322 464 390 indicat
478 371 489 401 ,
504 323 585 390 aliis
602 322 829 412 anteponenda
855 336 903 386 est
918 340 929 396 ς
943 333 1072 404 etpar·

213 427 266 476 tes
292 409 388 476 huius
422 411 638 498 simpliciores
672 429 748 478 ante
778 411 883 498 magis
909 409 1073 491 composi-

211 513 269 564 tas
291 503 412 585 exponi
437 501 572 566 debent.
596 501 686 566 Haec
705 521 811 564 tameo
833 497 942 586 regula
968 516 1073 582 prue-

211 586 343 652 cedenti
360 585 568 655 subordinate
588 611 655 655 esse
681 589 786 654 debet.
807 644 810 651 .
831 635 832 638 ,

278 673 405 762 Regula
423 697 481 742 vr.
501 677 543 744 ln
559 680 741 743 ratiociniis
756 671 972 752 conclusiones
987 687 1071 738 tarr-

210 776 281 828 tum
300 763 511 832 deducendae
525 791 563 832 su
575 781 611 832 nt
625 790 667 831 ttt
687 762 947 850 definitionibus,
963 766 1069 830 anio.-

212 854 380 933 matibus,
405 854 619 942 postulatis,
646 853 870 942 hypothesibus
886 866 921 915 et·
936 871 1068 940 propo·

211 943 383 1007 sitionibns
404 947 471 1009 iam
495 947 649 1032 probatis
663 987 673 1021 ,
689 962 724 1007 ut
747 944 809 1006 iarn
826 939 970 1004 vidimus.
1048 1001 1050 1006 ,

195 1081 215 1092 ..
278 1029 406 1120 Regula
431 1052 513 1097 νη.
529 1032 646 1098 Omnes
659 1034 896 1120 propositiones
912 1030 1065 1094 reiiciert·
1140 1037 1141 1098 ἓ

144 1173 145 1178 ,
209 1115 277 1184 dae
300 1125 403 1197 sunt,
423 1133 509 1208 qttae
532 1121 583 1186 ad
605 1135 830 1208 argumentum
854 1120 1066 1204 propositum
1140 1175 1141 1198 p

168 1225 170 1228 ·
209 1215 271 1270 uon
293 1211 487 1292 pertinent,
514 1225 573 1274 aut
595 1209 644 1274 ad
656 1207 748 1274 illud
766 1203 1066 1273 demonstrandum
1140 1211 1141 1280 f

121 1325 123 1329 ·
210 1294 264 1358 vel
279 1293 517 1361 illustrandum
533 1320 593 1363 non
607 1299 798 1362 inserviunt.
831 1289 1064 1358 confusionem
1140 1341 1141 1376 p

209 1403 386 1470 numquam
409 1385 500 1450 vitari
518 1387 616 1450 abiis
629 1388 644 1465 '‚
664 1385 719 1473 qni
739 1385 821 1450 hanc
842 1383 983 1471 regulam
998 1403 1062 1448 ue-

210 1470 359 1562 gignor,
391 1475 585 1561 experientia
614 1475 686 1538 saris
709 1473 815 1540 docet,
858 1501 860 1506 ·
967 1529 970 1534 .
1140 1497 1141 1508 ¹

209 1583 213 1620 ;
277 1560 405 1651 Regula
432 1583 522 1627 vm.
558 1561 827 1650 Propositiones·,
863 1577 948 1646 qttae
979 1555 1065 1625 aliis
1140 1569 1141 1584 ¹

209 1646 475 1716 demonstrandis
495 1654 703 1731 inserviunt,
729 1649 778 1717 leis
803 1647 931 1716 ultimis
948 1667 1061 1738 prat.-

207 1737 393 1814 mittendae
412 1753 501 1816 sunt.
570 1791 573 1797 .
947 1748 950 1754 “
1043 1793 1045 1798 .

275 1825 400 1912 Regula
426 1847 475 1891 rx.
502 1824 747 1914 Propositiones
775 1822 941 1914 simplices
950 1843 1061 1910 prae?
1140 1901 1141 1908 ἵ

141 1953 150 1978 2
209 1911 324 1988 cedere
348 1913 467 1980 debent
481 1919 705 2002 compositas,
732 1930 764 1979 et
780 1911 957 2002 generales
980 1926 1066 1979 ante
1140 1917 1141 1974 i

202 1999 435 2088 particulares
459 2007 606 2068 tractari
626 2003 756 2068 debent.
832 2069 833 2074 ,
952 2065 970 2069 ,.
1042 2065 1046 2073 ,

202 2117 232 2152 t·
271 2089 345 2155 -Hae
379 2091 505 2180 regulae
539 2112 633 2176 saepe
662 2091 753 2155 simul
789 2087 949 2173 observari
991 2109 1059 2156 non

207 2195 342 2266 possunt
360 2225 369 2258 ,
391 2202 489 2265 quum
511 2173 899 2266 frequenter'cootirtgat‚
928 2177 1060 2275 simplis

202 2287 275 2334 cem
300 2269 550 2355 propositionem
580 2289 618 2333 ex
642 2266 821 2356 composita
850 2285 971 2332 tautum
995 2267 1058 2331 de-

208 2355 293 2422 duci.
306 2380 398 2443 posse
413 2403 424 2436 ,
440 2377 471 2444 et
494 2356 745 2444 propositionem
767 2356 945 2444 'generalem
960 2401 972 2432 ,
997 2353 1058 2426 nisi

208 2445 427 2514 demonstrato
463 2447 550 2534 prius
584 2467 657 2510 casu
691 2445 869 2534 peculiari,
906 2443 1057 2528 explicati
1140 2525 1141 2530 ἵ

207 2535 277 2598 oon'
301 2555 407 2621 posse.
431 2531 470 2598 In
498 2533 543 2598 his
569 2533 808 2600 circumstantiis
830 2531 978 2619 neglecta
1001 2552 1057 2596 re-

206 2624 282 2709 gula
319 2622 459 2701 ultima,
486 2622 726 2704 praecedentem
763 2621 851 2708 sequi
888 2619 1056 2698 debemus.

197 2755 202 2766 .
249 2708 401 2795 -Regula
429 2733 462 2772 x.
479 2708 561 2774 Post
585 2709 737 2796 singulas
758 2711 998 2797 propositiones
1013 2705 1056 2772 il·

201 2793 260 2860 ·lae
296 2801 441 2880 primunr
469 2795 701 2862 monstrandae
737 2813 813 2862 sunt
830 2844 850 2874 ,-
877 2815 962 2882 quae
992 2793 1055 2862 luas

202 2899 388 2972 sequuntur
404 2929 424 2966 ‚.
442 2903 563 2975 postea
584 2905 672 2974 quar.
694 2906 766 2964 cuttt
788 2881 1057 2960 burdationem
1140 2917 1141 2970 4
