2326 3438
237 207 323 254 aaut
346 207 401 254 tv.
420 203 592 270 ⁴aottttrnlt.
613 205 692 254 car.
719 208 749 254 r.
838 213 923 284 ,ης

85 282 163 350 erit.
191 278 222 344 st
239 279 384 344 volumus
402 277 432 342 in
447 276 616 364 colloquiis
633 279 784 366 placete,
815 297 847 348 et
863 285 925 354 aii-

79 372 171 459 ·quid
200 367 345 431 utilitatis
372 387 412 430 ex
442 366 484 430 eis
509 367 682 454 colligeret
714 366 927 443 sinceritatem

89 481 165 524 eum
179 457 356 522 urbanitate
367 454 552 542 iungamus,
569 455 736 540 locumque
752 459 815 522 aliis
830 481 927 546 prae-

89 547 219 614 beamus
243 544 285 610 de
311 543 370 622 iis,
402 564 484 632 quae
516 543 625 609 melius
651 564 769 610 norunt
792 548 928 634 ioquen.

88 635 145 715 di,
174 637 260 702 dicta
293 653 401 698 eorum
430 630 626 719 excipiamus
653 631 788 722 benigne
819 657 849 704 et
873 655 927 706 at.

87 739 206 804 rente,
235 739 332 809 atque
354 742 389 788 ea
410 721 543 785 comiter
563 723 804 807 expendamus,
828 726 852 790 si
879 730 929 792 io·

89 815 119 878 ci
136 858 146 892 ‚
176 810 380 898 temporisne
402 829 609 896 personatum
623 809 876 882 circumstantiae
893 815 926 882 id

89 899 305 990 permitterint
322 921 333 976 3
361 897 406 962 sin
429 915 534 973 autern
549 940 563 976 ‚
592 896 814 967 discussionem
829 905 868 968 ad
885 927 926 972 a·

91 990 160 1057 liud
175 1009 298 1073 tempus
312 988 517 1052 remittamus.
545 983 675 1051 Interim
695 985 846 1056 iudicium
861 1014 925 1056 co·

91 1078 255 1166 hibeamus
264 1121 274 1156 ,
290 1076 348 1142 nisi
364 1074 476 1142 veritas
494 1074 663 1143 clarissime
677 1074 924 1148 demonstretur.

333 1248 613 1322 ARTICVLVS
634 1247 684 1318 11.

138 1425 196 1500 Dr
225 1424 373 1496 methodo
401 1426 585 1533 inveniendi
606 1428 743 1520 proprio
774 1444 881 1504 marte

415 1532 535 1584 Wi'iiai
540 1537 600 1584 {mi

97 1719 289 1870 Expositis
307 1777 447 1872 regulis,
474 1779 589 1867 quibus
611 1781 742 1848 aliorum
763 1775 927 1858 hominum

93 1891 158 1957 ope
180 1871 342 1936 veritatem
364 1870 501 1935 invenire
519 1891 710 1957 possumus,
741 1873 928 1959 explicanda

94 1974 240 2046 superest
264 1957 458 2036 methodus,
491 1980 554 2044 qua
570 1981 627 2047 per
650 1960 870 2046 nosmetipsos
886 1965 928 2027 il·

93 2046 156 2111 iam
182 2066 351 2135 possumus
377 2043 572 2136 investigare.
599 2047 646 2111 Ea
674 2065 778 2110 autem
807 2051 930 2117 metho-

94 2132 153 2201 dus
180 2132 329 2222 analysis
352 2156 407 2201 seu
431 2133 587 2200 resolutio
612 2135 737 2200 dicitur.
766 2133 825 2200 Per
840 2138 930 2206 ‘hanc

95 2224 179 2292 enim
201 2224 417 2304 acomposito
441 2221 480 2286 ad
506 2223 638 2309 simplest
662 2220 812 2285 continua
836 2246 932 2292 reso·

93 2311 216 2378 lotione
231 2311 318 2399 quasi
339 2335 394 2402 per
407 2307 521 2402 gradus
537 2308 770 2376 descendimus.
799 2309 930 2376 Metho-

94 2400 138 2467 do
165 2397 223 2464 hac
244 2401 388 2479 utimur,
415 2419 485 2464 tum
510 2399 540 2462 in
566 2396 773 2488 examinanda
803 2419 932 2487 propo-

94 2490 207 2554 sitione
227 2486 353 2575 aiiqua,
382 2507 418 2554 ut
441 2485 712 2561 determinemus,
736 2507 776 2550 an
801 2508 874 2554 vcra
891 2489 932 2554 sit

96 2597 197 2650 necne
213 2615 224 2653 ,
253 2594 320 2642 tum
336 2578 366 2642 in
382 2577 535 2640 solvenda
550 2579 652 2662 aliqua
668 2573 863 2657 quaestione.
894 2575 934 2644 In

95 2683 239 2751 utroque
268 2671 342 2732 cas'u
365 2665 474 2729 eadem
504 2662 552 2728 tia
579 2661 715 2730 tenenda
743 2680 801 2727 est.
896 2657 924 2736 ‚²

161 2751 278 2838 ltaque
293 2752 447 2818 debemus
465 2751 505 2819 ab
523 2773 589 2829 eo,
623 2752 712 2836 quod
729 2752 936 2838 proponitur,

96 2862 155 2994 ter
177 2842 292 2930 gradus
315 2839 509 2908 descendere
532 2841 572 2906 ad
596 2837 846 2926 propositionem
868 2835 934 2910 'no-

118 2929 142 2995 is
162 2930 492 3020 pienissinennotam,
515 2946 557 3023 ut
572 2945 705 3080 pssimi,
723 2946 829 3001 ortum
842 2928 933 3012 iliud,

623 3035 640 3082 a
