2298 3418
170 65 233 152 ¹3⁸
416 79 615 126 reserens.
638 79 787 130 russos.

165 149 334 244 plicandos
366 165 473 216 rnotus
500 169 691 238 apparentes
715 153 844 233 lunae,
872 147 1031 220 sumeret

165 265 234 310 eam
256 241 290 305 in
312 240 433 306 circulo
460 239 612 319 moveri,
640 238 690 306 hic
718 239 930 332 hypothesim
954 239 1015 308 fs-

165 348 265 404 ceret.
290 328 341 394 Ex
367 327 426 392 hac
446 327 629 395 definitione
650 345 765 417 patet,
794 330 1014 420 hypothesim

166 416 420 508 philosophicam
448 435 566 486 certam
594 439 748 485 nonesse
771 464 781 498 ,
806 417 861 485 sed
883 441 1016 486 meram

163 507 377 596 opinionem,
404 526 441 571 ac
467 504 603 596 proinde
624 505 927 576 demonstrationem
948 509 1014 570 in-

187 596 253 665 redi
275 617 342 660 non
360 615 467 684 posse.
498 595 606 676 Locus
626 613 731 662 tamen
758 596 864 686 siiqnis
878 597 910 660 in
926 594 1012 683 phi-

163 621 313 774 iosophit
335 684 563 752 concedendus
579 701 625 751 est
640 685 877 775 hypothesibus
893 729 902 765 ,
916 705 1019 772 qua-.

163 791 255 846 tenus
276 774 421 840 nimirum
444 774 487 841 ad
505 776 669 842 veritatem
690 774 813 864 liquido
838 775 1012 840 invenien-

163 863 239 936 daru
261 861 461 930 conducunt.
487 863 574 928 Nam
596 863 622 928 si
641 883 681 929 ex
707 865 769 942 iis,
787 885 867 950 quae
889 865 920 929 in
934 861 1011 952 hy-

163 951 292 1042 pothesi
304 950 529 1043 philosophica
542 971 710 1019 sumuntur
723 953 791 1020 sine
804 951 1008 1019 demonstra-

164 1041 289 1121 tione,
322 1043 414 1127 plura
440 1041 661 1130 colligantur,
689 1061 787 1130 quarn
821 1061 905 1130 quoe
935 1039 1007 1106 fieri

164 1130 397 1207 observamusr
423 1150 531 1196 ansam
555 1128 630 1196 inde
652 1131 839 1219 arripimus,
861 1131 914 1197 vel
936 1127 1008 1196 ob-

148 1218 334 1297 -setvsndi,
365 1217 419 1285 rel
444 1241 503 1306 per
522 1217 739 1306 experimenta
766 1217 936 1308 detegendi
955 1239 1006 1297 ea,
1059 1267 1085 1280 -

167 1321 249 1394 quae
275 1306 350 1372 alias
375 1308 410 1371 in
437 1325 576 1375 mentem
608 1328 648 1374 tte
678 1308 808 1396 quidem
832 1309 1005 1385 venissent3

167 1413 200 1464 et
225 1395 377 1468 certiores
406 1393 473 1462 iieri
500 1415 698 1486 possumus,
730 1419 808 1464 num
831 1397 940 1484 aliqua
967 1415 1010 1462 ex

167 1483 342 1574 hypothesi
357 1485 475 1563 fluant,
488 1507 570 1572 quae
585 1485 800 1573 experientiae
808 1502 1009 1574 repugnant.

168 1574 297 1644 Etenim
320 1574 347 1638 si
383 1593 422 1639 ex
451 1573 558 1664 aliqua
584 1572 759 1664 hypothesi
788 1573 1011 1654 deducuntur,

193 1685 251 1732 use
279 1661 660 1749 experientiae-contraria
673 1681 747 1730 sunt
764 1708 774 1743 ‚
791 1663 1012 1754 hypotheseos

168 1687 290 1820 initiens
318 1767 474 1838 apparete
502 1752 526 1816 si
541 1773 619 1818 vero
633 1773 697 1832 ea,
721 1773 804 1840 quae
831 1749 1014 1819 observan-

169 1857 223 1909 tur
239 1837 365 1915 ,eidem
392 1836 567 1926 hypothesi
579 1859 798 1908 consentanea
810 1858 883 1908 sunt
900 1885 910 1920 ,
928 1839 1013 1906 iilius

169 1923 376 2018 probabilitas
389 1927 515 1994 crescit.
532 1930 565 1994 A
575 1929 681 1994 multis
700 1946 785 1997 retro
798 1927 1017 2018 saecutishy·

169 2013 348 2105 potheseon
382 2018 530 2105 exempla
558 2017 776 2107 suppeditavit
805 2019 1016 2085 astronomis.

171 2105 283 2185 Quum
317 2104 399 2171 enim
429 2105 494 2174 fieri
528 2127 594 2172 non
630 2124 767 2194 posset,
792 2125 832 2175 ut
868 2129 899 2174 a·
910 2107 1019 2260 prima

171 2196 280 2260 statim
294 2195 414 2284 urigine
440 2216 514 2261 vera
540 2213 647 2262 morus
671 2197 872 2283 planetarum
895 2212 907 2259 t
932 2197 1021 2262 eoria

172 2282 514 2373 investigaretur31deo
529 2285 704 2352 astronomi
718 2284 922 2377 hypotheses
935 2306 1022 2350 con-

172 2373 347 2450 diderunt,
376 2372 461 2438 unde
490 2390 637 2444 motuum
664 2376 855 2442 coelestium
883 2373 1022 2440 rationes

174 2462 369 2528 derivantur.
396 2459 446 2524 Es
472 2461 508 2526 iis
539 2461 782 2552 hypothesibus
818 2461 1023 2529 deduxerunt

174 2553 311 2640 plurima
325 2595 336 2627 ,
350 2567 433 2633 qnae
445 2565 520 2617 cnrn
535 2552 815 2620 observationibus
828 2551 1024 2618 coelestibus

172 2653 412 2724 compararunt.
427 2638 512 2704 Hinc
537 2661 645 2706 snssm
672 2643 757 2706 nacti
773 2658 848 2707 sunt
872 2641 1023 2729 cogitan-

174 2724 206 2796 di
232 2727 273 2792 de
298 2724 601 2807 observationibus,
620 2728 660 2796 de
684 2730 803 2818 quibus
819 2729 899 2795 aliss-
921 2745 1023 2793 trum-

172 2837 271 2908 qnam
288 2815 501 2906 rogitassent,
515 2836 547 2886 et
561 2816 762 2909 hypotheses
779 2819 935 2887 continuo
949 2839 1018 2885 ma·
