<?xml version="1.0" encoding="UTF-8"?>
<!DOCTYPE html PUBLIC "-//W3C//DTD XHTML 1.0 Transitional//EN"
    "http://www.w3.org/TR/xhtml1/DTD/xhtml1-transitional.dtd">
<html xmlns="http://www.w3.org/1999/xhtml" xml:lang="en" lang="en">
 <head>
  <title>
</title>
<meta http-equiv="Content-Type" content="text/html;charset=utf-8" />
  <meta name='ocr-system' content='tesseract 3.04.00' />
  <meta name='ocr-capabilities' content='ocr_page ocr_carea ocr_par ocr_line ocrx_word'/>
</head>
<body>
  <div class='ocr_page' id='page_1' title='image "./institutionesph00jacqgoog_0280.png"; bbox 0 0 2326 3438; ppageno 0'>
   <div class='ocr_carea' id='block_1_1' title="bbox 80 187 1006 3063">
    <p class='ocr_par' dir='ltr' id='par_1_1' title="bbox 229 187 922 262">
     <span class='ocr_line' id='line_1_1' title="bbox 229 187 922 262; baseline 0.012 -26"><span class='ocrx_word' id='word_1_1' title='bbox 229 187 317 236; x_wconf 71' lang='lat' dir='ltr'>arnt</span> <span class='ocrx_word' id='word_1_2' title='bbox 339 188 394 242; x_wconf 77' lang='lat' dir='ltr'>rra·</span> <span class='ocrx_word' id='word_1_3' title='bbox 418 187 587 238; x_wconf 78' lang='lat' dir='ltr'>rocroar.</span> <span class='ocrx_word' id='word_1_4' title='bbox 611 189 688 242; x_wconf 75' lang='lat' dir='ltr'>cer.</span> <span class='ocrx_word' id='word_1_5' title='bbox 714 191 760 238; x_wconf 89' lang='lat' dir='ltr'>rr.</span> <span class='ocrx_word' id='word_1_6' title='bbox 858 191 922 262; x_wconf 69' lang='lat' dir='ltr'>asp</span> 
     </span>
    </p>

    <p class='ocr_par' dir='ltr' id='par_1_2' title="bbox 108 254 923 335">
     <span class='ocr_line' id='line_1_2' title="bbox 108 254 923 335; baseline 0.005 -13"><span class='ocrx_word' id='word_1_7' title='bbox 108 254 184 322; x_wconf 84' lang='grc' dir='ltr'>-ΙΙ,</span> <span class='ocrx_word' id='word_1_8' title='bbox 228 256 281 326; x_wconf 81' lang='lat' dir='ltr'>Ex</span> <span class='ocrx_word' id='word_1_9' title='bbox 310 259 370 324; x_wconf 87' lang='lat' dir='ltr'>hac</span> <span class='ocrx_word' id='word_1_10' title='bbox 400 261 483 325; x_wconf 87' lang='lat' dir='ltr'>mala</span> <span class='ocrx_word' id='word_1_11' title='bbox 511 261 617 328; x_wconf 81' lang='lat' dir='ltr'>radice</span> <span class='ocrx_word' id='word_1_12' title='bbox 643 277 816 328; x_wconf 88' lang='lat' dir='ltr'>nascuntur</span> <span class='ocrx_word' id='word_1_13' title='bbox 844 263 923 335; x_wconf 79' lang='lat' dir='ltr'>vitia</span> 
     </span>
    </p>

    <p class='ocr_par' dir='ltr' id='par_1_3' title="bbox 80 346 1006 3063">
     <span class='ocr_line' id='line_1_3' title="bbox 90 346 922 434; baseline 0.006 -22"><span class='ocrx_word' id='word_1_14' title='bbox 90 346 154 412; x_wconf 89' lang='lat' dir='ltr'>alia</span> <span class='ocrx_word' id='word_1_15' title='bbox 169 346 322 432; x_wconf 79' lang='lat' dir='ltr'>plurima,</span> <span class='ocrx_word' id='word_1_16' title='bbox 350 367 382 415; x_wconf 90' lang='lat' dir='ltr'>et</span> <span class='ocrx_word' id='word_1_17' title='bbox 396 349 578 434; x_wconf 84' lang='lat' dir='ltr'>praesertim</span> <span class='ocrx_word' id='word_1_18' title='bbox 592 349 710 416; x_wconf 78' lang='lat' dir='ltr'>inuidia</span> <span class='ocrx_word' id='word_1_19' title='bbox 726 399 736 431; x_wconf 91' lang='lat'>‚</span> <span class='ocrx_word' id='word_1_20' title='bbox 764 349 922 416; x_wconf 89' lang='lat' dir='ltr'>aliorum-</span> 
     </span>
     <span class='ocr_line' id='line_1_4' title="bbox 92 433 922 526; baseline 0.005 -24"><span class='ocrx_word' id='word_1_21' title='bbox 92 456 155 522; x_wconf 84' lang='lat' dir='ltr'>que</span> <span class='ocrx_word' id='word_1_22' title='bbox 168 433 328 501; x_wconf 90' lang='lat' dir='ltr'>hominum</span> <span class='ocrx_word' id='word_1_23' title='bbox 341 454 544 524; x_wconf 89' lang='lat' dir='ltr'>contemptus</span> <span class='ocrx_word' id='word_1_24' title='bbox 557 463 567 501; x_wconf 78' lang='lat' dir='ltr'>e</span> <span class='ocrx_word' id='word_1_25' title='bbox 595 437 669 503; x_wconf 89' lang='lat' dir='ltr'>hinc</span> <span class='ocrx_word' id='word_1_26' title='bbox 689 438 922 526; x_wconf 81' lang='lat' dir='ltr'>inexplicabilis</span> 
     </span>
     <span class='ocr_line' id='line_1_5' title="bbox 93 525 923 616; baseline 0.011 -31"><span class='ocrx_word' id='word_1_27' title='bbox 93 525 244 608; x_wconf 84' lang='lat' dir='ltr'>quaedam</span> <span class='ocrx_word' id='word_1_28' title='bbox 264 525 439 590; x_wconf 84' lang='lat' dir='ltr'>altercandi</span> <span class='ocrx_word' id='word_1_29' title='bbox 461 541 494 592; x_wconf 90' lang='lat' dir='ltr'>et</span> <span class='ocrx_word' id='word_1_30' title='bbox 514 525 721 595; x_wconf 85' lang='lat' dir='ltr'>dissentiendi</span> <span class='ocrx_word' id='word_1_31' title='bbox 749 526 923 616; x_wconf 73' lang='lat' dir='ltr'>cupiditate</span> 
     </span>
     <span class='ocr_line' id='line_1_6' title="bbox 92 610 922 702; baseline 0.01 -28"><span class='ocrx_word' id='word_1_32' title='bbox 92 610 161 678; x_wconf 90' lang='lat' dir='ltr'>hinc</span> <span class='ocrx_word' id='word_1_33' title='bbox 186 612 240 700; x_wconf 91' lang='lat' dir='ltr'>qui</span> <span class='ocrx_word' id='word_1_34' title='bbox 271 614 314 678; x_wconf 93' lang='lat' dir='ltr'>ita</span> <span class='ocrx_word' id='word_1_35' title='bbox 339 611 464 702; x_wconf 86' lang='lat' dir='ltr'>perdite</span> <span class='ocrx_word' id='word_1_36' title='bbox 485 634 526 696; x_wconf 83' lang='lat' dir='ltr'>se</span> <span class='ocrx_word' id='word_1_37' title='bbox 561 636 667 682; x_wconf 88' lang='lat' dir='ltr'>arnant</span> <span class='ocrx_word' id='word_1_38' title='bbox 697 635 730 684; x_wconf 89' lang='lat' dir='ltr'>et</span> <span class='ocrx_word' id='word_1_39' title='bbox 756 617 922 684; x_wconf 88' lang='lat' dir='ltr'>admiran-</span> 
     </span>
     <span class='ocr_line' id='line_1_7' title="bbox 89 701 921 793; baseline 0.005 -25"><span class='ocrx_word' id='word_1_40' title='bbox 89 715 165 780; x_wconf 75' lang='lat' dir='ltr'>tur,</span> <span class='ocrx_word' id='word_1_41' title='bbox 194 703 225 765; x_wconf 91' lang='lat' dir='ltr'>in</span> <span class='ocrx_word' id='word_1_42' title='bbox 246 701 324 766; x_wconf 87' lang='lat' dir='ltr'>alios</span> <span class='ocrx_word' id='word_1_43' title='bbox 349 701 490 767; x_wconf 88' lang='lat' dir='ltr'>homines</span> <span class='ocrx_word' id='word_1_44' title='bbox 513 703 636 790; x_wconf 86' lang='lat' dir='ltr'>iniqui,</span> <span class='ocrx_word' id='word_1_45' title='bbox 665 725 776 772; x_wconf 89' lang='lat' dir='ltr'>eorum</span> <span class='ocrx_word' id='word_1_46' title='bbox 801 708 921 793; x_wconf 87' lang='lat' dir='ltr'>scripta</span> 
     </span>
     <span class='ocr_line' id='line_1_8' title="bbox 93 787 922 880; baseline 0.007 -28"><span class='ocrx_word' id='word_1_47' title='bbox 93 788 143 856; x_wconf 86' lang='lat' dir='ltr'>tel</span> <span class='ocrx_word' id='word_1_48' title='bbox 168 809 341 877; x_wconf 79' lang='lat' dir='ltr'><strong>numquam</strong></span> <span class='ocrx_word' id='word_1_49' title='bbox 367 789 419 856; x_wconf 87' lang='lat' dir='ltr'>vel</span> <span class='ocrx_word' id='word_1_50' title='bbox 447 787 659 875; x_wconf 82' lang='lat' dir='ltr'>perfunctorie</span> <span class='ocrx_word' id='word_1_51' title='bbox 688 792 829 880; x_wconf 83' lang='lat' dir='ltr'>legunt,</span> <span class='ocrx_word' id='word_1_52' title='bbox 865 810 922 860; x_wconf 89' lang='lat' dir='ltr'>aut</span> 
     </span>
     <span class='ocr_line' id='line_1_9' title="bbox 91 877 920 968; baseline 0.002 -27"><span class='ocrx_word' id='word_1_53' title='bbox 91 898 156 957; x_wconf 80' lang='lat' dir='ltr'>pon</span> <span class='ocrx_word' id='word_1_54' title='bbox 183 877 245 942; x_wconf 89' lang='lat' dir='ltr'>alio</span> <span class='ocrx_word' id='word_1_55' title='bbox 277 877 464 965; x_wconf 84' lang='lat' dir='ltr'>plerumque</span> <span class='ocrx_word' id='word_1_56' title='bbox 491 880 651 960; x_wconf 85' lang='lat' dir='ltr'>consilio,</span> <span class='ocrx_word' id='word_1_57' title='bbox 681 878 783 966; x_wconf 83' lang='lat' dir='ltr'>quam¹</span> <span class='ocrx_word' id='word_1_58' title='bbox 803 899 840 947; x_wconf 91' lang='lat' dir='ltr'>ut</span> <span class='ocrx_word' id='word_1_59' title='bbox 867 882 920 968; x_wconf 65' lang='lat' dir='ltr'>ille</span> 
     </span>
     <span class='ocr_line' id='line_1_10' title="bbox 90 963 921 1054; baseline 0.012 -26"><span class='ocrx_word' id='word_1_60' title='bbox 90 963 274 1054; x_wconf 83' lang='lat' dir='ltr'>impugnent</span> <span class='ocrx_word' id='word_1_61' title='bbox 304 983 336 1031; x_wconf 88' lang='lat' dir='ltr'>et</span> <span class='ocrx_word' id='word_1_62' title='bbox 364 967 608 1052; x_wconf 88' lang='lat' dir='ltr'>adspernentur.</span> <span class='ocrx_word' id='word_1_63' title='bbox 645 969 781 1034; x_wconf 88' lang='lat' dir='ltr'>Nullum</span> <span class='ocrx_word' id='word_1_64' title='bbox 799 989 921 1052; x_wconf 84' lang='lat' dir='ltr'>-autem</span> 
     </span>
     <span class='ocr_line' id='line_1_11' title="bbox 92 1051 922 1145; baseline 0.006 -27"><span class='ocrx_word' id='word_1_65' title='bbox 92 1070 139 1124; x_wconf 89' lang='lat' dir='ltr'>est</span> <span class='ocrx_word' id='word_1_66' title='bbox 165 1051 358 1140; x_wconf 85' lang='lat' dir='ltr'>frequentius</span> <span class='ocrx_word' id='word_1_67' title='bbox 383 1071 480 1140; x_wconf 91' lang='lat' dir='ltr'>atque</span> <span class='ocrx_word' id='word_1_68' title='bbox 508 1056 640 1141; x_wconf 87' lang='lat' dir='ltr'>iniquius</span> <span class='ocrx_word' id='word_1_69' title='bbox 664 1057 846 1145; x_wconf 89' lang='lat' dir='ltr'>disputandi</span> <span class='ocrx_word' id='word_1_70' title='bbox 875 1060 922 1123; x_wconf 84' lang='lat' dir='ltr'>vi·</span> 
     </span>
     <span class='ocr_line' id='line_1_12' title="bbox 88 1142 921 1234; baseline 0.002 -26"><span class='ocrx_word' id='word_1_71' title='bbox 88 1142 199 1222; x_wconf 83' lang='lat' dir='ltr'>tium,</span> <span class='ocrx_word' id='word_1_72' title='bbox 225 1164 319 1230; x_wconf 83' lang='lat' dir='ltr'>quarn</span> <span class='ocrx_word' id='word_1_73' title='bbox 333 1159 554 1232; x_wconf 80' lang='lat' dir='ltr'>argumentum</span> <span class='ocrx_word' id='word_1_74' title='bbox 571 1145 673 1224; x_wconf 88' lang='lat' dir='ltr'>illud,</span> <span class='ocrx_word' id='word_1_75' title='bbox 701 1146 790 1234; x_wconf 90' lang='lat' dir='ltr'>quod</span> <span class='ocrx_word' id='word_1_76' title='bbox 810 1145 850 1210; x_wconf 88' lang='lat' dir='ltr'>ab</span> <span class='ocrx_word' id='word_1_77' title='bbox 869 1147 921 1210; x_wconf 90' lang='lat' dir='ltr'>in·</span> 
     </span>
     <span class='ocr_line' id='line_1_13' title="bbox 88 1228 957 1318; baseline 0.001 -21"><span class='ocrx_word' id='word_1_78' title='bbox 88 1228 177 1310; x_wconf 56' lang='lat' dir='ltr'>,vidia</span> <span class='ocrx_word' id='word_1_79' title='bbox 198 1229 322 1296; x_wconf 87' lang='lat' dir='ltr'>ducitur</span> <span class='ocrx_word' id='word_1_80' title='bbox 341 1275 360 1310; x_wconf 86' lang='grc'>,.</span> <span class='ocrx_word' id='word_1_81' title='bbox 377 1253 445 1318; x_wconf 91' lang='lat' dir='ltr'>quo</span> <span class='ocrx_word' id='word_1_82' title='bbox 465 1232 582 1298; x_wconf 86' lang='lat' dir='ltr'>scilicet</span> <span class='ocrx_word' id='word_1_83' title='bbox 604 1233 713 1299; x_wconf 91' lang='lat' dir='ltr'>odium</span> <span class='ocrx_word' id='word_1_84' title='bbox 731 1234 922 1300; x_wconf 87' lang='lat' dir='ltr'>irrisionem·</span> <span class='ocrx_word' id='word_1_85' title='bbox 953 1279 957 1287; x_wconf 79' lang='lat'>·</span> 
     </span>
     <span class='ocr_line' id='line_1_14' title="bbox 87 1317 919 1406; baseline 0.006 -24"><span class='ocrx_word' id='word_1_86' title='bbox 87 1340 157 1406; x_wconf 25' lang='lat' dir='ltr'>&#39;ique</span> <span class='ocrx_word' id='word_1_87' title='bbox 174 1317 206 1383; x_wconf 91' lang='lat' dir='ltr'>in</span> <span class='ocrx_word' id='word_1_88' title='bbox 226 1319 418 1386; x_wconf 86' lang='lat' dir='ltr'>adversarios</span> <span class='ocrx_word' id='word_1_89' title='bbox 436 1322 641 1385; x_wconf 85' lang='lat' dir='ltr'>concitamus.</span> <span class='ocrx_word' id='word_1_90' title='bbox 668 1323 788 1394; x_wconf 89' lang='lat' dir='ltr'>Varios</span> <span class='ocrx_word' id='word_1_91' title='bbox 805 1323 919 1406; x_wconf 78' lang='lat' dir='ltr'>modos</span> 
     </span>
     <span class='ocr_line' id='line_1_15' title="bbox 93 1405 921 1494; baseline 0.004 -23"><span class='ocrx_word' id='word_1_92' title='bbox 93 1405 209 1494; x_wconf 90' lang='lat' dir='ltr'>quibus</span> <span class='ocrx_word' id='word_1_93' title='bbox 237 1408 417 1473; x_wconf 81' lang='lat' dir='ltr'>adversariis</span> <span class='ocrx_word' id='word_1_94' title='bbox 442 1407 560 1474; x_wconf 87' lang='lat' dir='ltr'>invidia</span> <span class='ocrx_word' id='word_1_95' title='bbox 580 1411 679 1475; x_wconf 86' lang='lat' dir='ltr'>creari</span> <span class='ocrx_word' id='word_1_96' title='bbox 704 1411 809 1487; x_wconf 86' lang='lat' dir='ltr'>solet,</span> <span class='ocrx_word' id='word_1_97' title='bbox 835 1431 921 1475; x_wconf 87' lang='lat' dir='ltr'>enu-</span> 
     </span>
     <span class='ocr_line' id='line_1_16' title="bbox 87 1494 919 1582; baseline 0.001 -22"><span class='ocrx_word' id='word_1_98' title='bbox 87 1513 211 1564; x_wconf 63' lang='lat' dir='ltr'>,metant</span> <span class='ocrx_word' id='word_1_99' title='bbox 224 1496 400 1582; x_wconf 84' lang='lat' dir='ltr'>Sophistae.</span> <span class='ocrx_word' id='word_1_100' title='bbox 430 1497 475 1560; x_wconf 89' lang='lat' dir='ltr'>At</span> <span class='ocrx_word' id='word_1_101' title='bbox 490 1519 508 1562; x_wconf 87' lang='lat' dir='ltr'>a</span> <span class='ocrx_word' id='word_1_102' title='bbox 525 1499 699 1582; x_wconf 87' lang='lat' dir='ltr'>perniciosa</span> <span class='ocrx_word' id='word_1_103' title='bbox 712 1494 771 1560; x_wconf 90' lang='lat' dir='ltr'>hac</span> <span class='ocrx_word' id='word_1_104' title='bbox 784 1513 851 1563; x_wconf 86' lang='lat' dir='ltr'>arte</span> <span class='ocrx_word' id='word_1_105' title='bbox 862 1497 919 1568; x_wconf 47' lang='lat' dir='ltr'>aba</span> 
     </span>
     <span class='ocr_line' id='line_1_17' title="bbox 91 1581 920 1674; baseline -0.001 -20"><span class='ocrx_word' id='word_1_106' title='bbox 91 1581 219 1654; x_wconf 82' lang='lat' dir='ltr'>hortere</span> <span class='ocrx_word' id='word_1_107' title='bbox 233 1585 350 1652; x_wconf 87' lang='lat' dir='ltr'>debent</span> <span class='ocrx_word' id='word_1_108' title='bbox 362 1583 501 1650; x_wconf 85' lang='lat' dir='ltr'>veritatis</span> <span class='ocrx_word' id='word_1_109' title='bbox 518 1601 549 1650; x_wconf 90' lang='lat' dir='ltr'>et</span> <span class='ocrx_word' id='word_1_110' title='bbox 562 1583 735 1674; x_wconf 81' lang='lat' dir='ltr'>Religionis</span> <span class='ocrx_word' id='word_1_111' title='bbox 750 1599 920 1653; x_wconf 83' lang='lat' dir='ltr'>amatores.</span> 
     </span>
     <span class='ocr_line' id='line_1_18' title="bbox 87 1669 921 1760; baseline -0.001 -24"><span class='ocrx_word' id='word_1_112' title='bbox 87 1715 95 1742; x_wconf 81' lang='grc'>.,</span> <span class='ocrx_word' id='word_1_113' title='bbox 134 1669 199 1738; x_wconf 90' lang='lat'>111.</span> <span class='ocrx_word' id='word_1_114' title='bbox 245 1671 284 1738; x_wconf 89' lang='lat' dir='ltr'>ln</span> <span class='ocrx_word' id='word_1_115' title='bbox 305 1690 481 1738; x_wconf 83' lang='lat' dir='ltr'>extremum</span> <span class='ocrx_word' id='word_1_116' title='bbox 503 1673 638 1737; x_wconf 86' lang='lat' dir='ltr'>alludet</span> <span class='ocrx_word' id='word_1_117' title='bbox 662 1672 844 1760; x_wconf 91' lang='lat' dir='ltr'>oppositum</span> <span class='ocrx_word' id='word_1_118' title='bbox 871 1675 921 1735; x_wconf 85' lang='lat' dir='ltr'>vi·</span> 
     </span>
     <span class='ocr_line' id='line_1_19' title="bbox 91 1757 922 1850; baseline 0.005 -28"><span class='ocrx_word' id='word_1_119' title='bbox 91 1757 196 1839; x_wconf 91' lang='lat' dir='ltr'>tium,</span> <span class='ocrx_word' id='word_1_120' title='bbox 223 1759 378 1850; x_wconf 84' lang='lat' dir='ltr'>ignaviam</span> <span class='ocrx_word' id='word_1_121' title='bbox 398 1761 543 1838; x_wconf 87' lang='lat' dir='ltr'>scilicet,</span> <span class='ocrx_word' id='word_1_122' title='bbox 574 1760 733 1827; x_wconf 88' lang='lat' dir='ltr'>interdum</span> <span class='ocrx_word' id='word_1_123' title='bbox 750 1757 922 1848; x_wconf 79' lang='lat' dir='ltr'>degenerat</span> 
     </span>
     <span class='ocr_line' id='line_1_20' title="bbox 91 1846 922 1938; baseline 0.008 -29"><span class='ocrx_word' id='word_1_124' title='bbox 91 1846 252 1935; x_wconf 78' lang='lat' dir='ltr'>philautia.</span> <span class='ocrx_word' id='word_1_125' title='bbox 289 1848 397 1934; x_wconf 88' lang='lat' dir='ltr'>Aliqui</span> <span class='ocrx_word' id='word_1_126' title='bbox 428 1848 571 1912; x_wconf 83' lang='lat' dir='ltr'>nimirum</span> <span class='ocrx_word' id='word_1_127' title='bbox 602 1849 645 1913; x_wconf 87' lang='lat' dir='ltr'>ita</span> <span class='ocrx_word' id='word_1_128' title='bbox 673 1850 749 1917; x_wconf 87' lang='lat' dir='ltr'>alios</span> <span class='ocrx_word' id='word_1_129' title='bbox 781 1850 922 1938; x_wconf 87' lang='lat' dir='ltr'>impense</span> 
     </span>
     <span class='ocr_line' id='line_1_21' title="bbox 93 1936 983 2026; baseline 0.004 -26"><span class='ocrx_word' id='word_1_130' title='bbox 93 1937 253 2026; x_wconf 84' lang='lat' dir='ltr'>diligunt,</span> <span class='ocrx_word' id='word_1_131' title='bbox 284 1957 316 2002; x_wconf 88' lang='lat' dir='ltr'>et</span> <span class='ocrx_word' id='word_1_132' title='bbox 348 1939 447 2003; x_wconf 82' lang='lat' dir='ltr'>iustos</span> <span class='ocrx_word' id='word_1_133' title='bbox 475 1936 671 2023; x_wconf 86' lang='lat' dir='ltr'>ingeniorum</span> <span class='ocrx_word' id='word_1_134' title='bbox 707 1939 922 2006; x_wconf 73' lang='lat' dir='ltr'>aestimatores</span> <span class='ocrx_word' id='word_1_135' title='bbox 980 1963 983 1970; x_wconf 92' lang='lat'>·</span> 
     </span>
     <span class='ocr_line' id='line_1_22' title="bbox 80 2025 923 2107; baseline 0.002 -19"><span class='ocrx_word' id='word_1_136' title='bbox 80 2025 135 2107; x_wconf 34' lang='lat' dir='ltr'>sita</span> <span class='ocrx_word' id='word_1_137' title='bbox 159 2027 356 2092; x_wconf 82' lang='lat' dir='ltr'>confidenter</span> <span class='ocrx_word' id='word_1_138' title='bbox 380 2045 447 2091; x_wconf 86' lang='lat' dir='ltr'>sese</span> <span class='ocrx_word' id='word_1_139' title='bbox 474 2025 639 2104; x_wconf 87' lang='lat' dir='ltr'>iudicant,</span> <span class='ocrx_word' id='word_1_140' title='bbox 668 2043 704 2090; x_wconf 89' lang='lat' dir='ltr'>ut</span> <span class='ocrx_word' id='word_1_141' title='bbox 728 2026 831 2090; x_wconf 86' lang='lat' dir='ltr'>amicis</span> <span class='ocrx_word' id='word_1_142' title='bbox 862 2025 923 2092; x_wconf 91' lang='lat' dir='ltr'>de·-</span> 
     </span>
     <span class='ocr_line' id='line_1_23' title="bbox 91 2113 924 2203; baseline 0.002 -27"><span class='ocrx_word' id='word_1_143' title='bbox 91 2115 183 2194; x_wconf 86' lang='lat' dir='ltr'>misse</span> <span class='ocrx_word' id='word_1_144' title='bbox 203 2115 445 2203; x_wconf 88' lang='lat' dir='ltr'>obsequantur,</span> <span class='ocrx_word' id='word_1_145' title='bbox 474 2132 505 2178; x_wconf 88' lang='lat' dir='ltr'>et</span> <span class='ocrx_word' id='word_1_146' title='bbox 525 2113 570 2176; x_wconf 90' lang='lat' dir='ltr'>sui</span> <span class='ocrx_word' id='word_1_147' title='bbox 582 2114 696 2199; x_wconf 84' lang='lat' dir='ltr'>ingenii</span> <span class='ocrx_word' id='word_1_148' title='bbox 716 2133 847 2198; x_wconf 87' lang='lat' dir='ltr'>prorsus</span> <span class='ocrx_word' id='word_1_149' title='bbox 865 2115 924 2178; x_wconf 87' lang='lat' dir='ltr'>im·</span> 
     </span>
     <span class='ocr_line' id='line_1_24' title="bbox 91 2200 922 2288; baseline 0 -22"><span class='ocrx_word' id='word_1_150' title='bbox 91 2223 245 2286; x_wconf 79' lang='lat' dir='ltr'>memores</span> <span class='ocrx_word' id='word_1_151' title='bbox 259 2217 271 2282; x_wconf 66' lang='lat'>3</span> <span class='ocrx_word' id='word_1_152' title='bbox 298 2201 452 2288; x_wconf 85' lang='lat' dir='ltr'>quidquid</span> <span class='ocrx_word' id='word_1_153' title='bbox 468 2200 512 2264; x_wconf 91' lang='lat' dir='ltr'>illi</span> <span class='ocrx_word' id='word_1_154' title='bbox 536 2201 674 2266; x_wconf 77' lang='lat' dir='ltr'>dixerint</span> <span class='ocrx_word' id='word_1_155' title='bbox 690 2201 840 2287; x_wconf 85' lang='lat' dir='ltr'>amplecti</span> <span class='ocrx_word' id='word_1_156' title='bbox 856 2221 922 2266; x_wconf 89' lang='lat' dir='ltr'>non</span> 
     </span>
     <span class='ocr_line' id='line_1_25' title="bbox 83 2286 923 2359; baseline -0.011 0"><span class='ocrx_word' id='word_1_157' title='bbox 83 2287 252 2359; x_wconf 73' lang='lat' dir='ltr'>dubitent.</span> <span class='ocrx_word' id='word_1_158' title='bbox 276 2288 368 2354; x_wconf 86' lang='lat' dir='ltr'>lllud</span> <span class='ocrx_word' id='word_1_159' title='bbox 384 2289 563 2356; x_wconf 85' lang='lat' dir='ltr'>assentandi</span> <span class='ocrx_word' id='word_1_160' title='bbox 575 2289 712 2357; x_wconf 85' lang='lat' dir='ltr'>studium</span> <span class='ocrx_word' id='word_1_161' title='bbox 727 2286 850 2352; x_wconf 88' lang='lat' dir='ltr'>scholas</span> <span class='ocrx_word' id='word_1_162' title='bbox 863 2288 923 2351; x_wconf 73' lang='lat' dir='ltr'>mi-</span> 
     </span>
     <span class='ocr_line' id='line_1_26' title="bbox 91 2377 923 2463; baseline -0.002 -21"><span class='ocrx_word' id='word_1_163' title='bbox 91 2399 162 2444; x_wconf 79' lang='lat' dir='ltr'>rere</span> <span class='ocrx_word' id='word_1_164' title='bbox 190 2381 371 2463; x_wconf 86' lang='lat' dir='ltr'>occupavit.</span> <span class='ocrx_word' id='word_1_165' title='bbox 411 2379 460 2442; x_wconf 82' lang='lat' dir='ltr'>Ex</span> <span class='ocrx_word' id='word_1_166' title='bbox 489 2378 692 2443; x_wconf 85' lang='lat' dir='ltr'>admiratione</span> <span class='ocrx_word' id='word_1_167' title='bbox 719 2377 861 2454; x_wconf 87' lang='lat' dir='ltr'>nimirum</span> <span class='ocrx_word' id='word_1_168' title='bbox 890 2392 923 2442; x_wconf 89' lang='lat' dir='ltr'>et</span> 
     </span>
     <span class='ocr_line' id='line_1_27' title="bbox 88 2464 922 2557; baseline -0.008 -23"><span class='ocrx_word' id='word_1_169' title='bbox 88 2464 211 2554; x_wconf 78' lang='lat' dir='ltr'>ingenti</span> <span class='ocrx_word' id='word_1_170' title='bbox 227 2468 378 2557; x_wconf 87' lang='lat' dir='ltr'>opinione</span> <span class='ocrx_word' id='word_1_171' title='bbox 397 2483 515 2532; x_wconf 88' lang='lat' dir='ltr'>temere</span> <span class='ocrx_word' id='word_1_172' title='bbox 536 2485 694 2554; x_wconf 86' lang='lat' dir='ltr'>concepta</span> <span class='ocrx_word' id='word_1_173' title='bbox 713 2465 754 2532; x_wconf 90' lang='lat' dir='ltr'>de</span> <span class='ocrx_word' id='word_1_174' title='bbox 778 2465 838 2546; x_wconf 86' lang='lat' dir='ltr'>iis,</span> <span class='ocrx_word' id='word_1_175' title='bbox 866 2465 922 2552; x_wconf 91' lang='lat' dir='ltr'>qui</span> 
     </span>
     <span class='ocr_line' id='line_1_28' title="bbox 90 2553 1006 2644; baseline -0.001 -25"><span class='ocrx_word' id='word_1_176' title='bbox 90 2574 238 2622; x_wconf 84' lang='lat' dir='ltr'>asserunt</span> <span class='ocrx_word' id='word_1_177' title='bbox 263 2555 381 2642; x_wconf 89' lang='lat' dir='ltr'>aliquid</span> <span class='ocrx_word' id='word_1_178' title='bbox 406 2556 458 2620; x_wconf 82' lang='lat' dir='ltr'>vel</span> <span class='ocrx_word' id='word_1_179' title='bbox 486 2573 623 2643; x_wconf 86' lang='lat' dir='ltr'>negant,</span> <span class='ocrx_word' id='word_1_180' title='bbox 650 2554 775 2644; x_wconf 85' lang='lat' dir='ltr'>plurimi</span> <span class='ocrx_word' id='word_1_181' title='bbox 801 2553 923 2642; x_wconf 80' lang='lat' dir='ltr'>gravis·</span> <span class='ocrx_word' id='word_1_182' title='bbox 1004 2612 1006 2618; x_wconf 82' lang='grc'>,</span> 
     </span>
     <span class='ocr_line' id='line_1_29' title="bbox 86 2641 924 2732; baseline -0.011 -17"><span class='ocrx_word' id='word_1_183' title='bbox 86 2644 229 2732; x_wconf 76' lang='lat' dir='ltr'>..sintque</span> <span class='ocrx_word' id='word_1_184' title='bbox 256 2666 377 2709; x_wconf 87' lang='lat' dir='ltr'>errores</span> <span class='ocrx_word' id='word_1_185' title='bbox 401 2642 463 2706; x_wconf 90' lang='lat' dir='ltr'>orti</span> <span class='ocrx_word' id='word_1_186' title='bbox 491 2659 524 2709; x_wconf 90' lang='lat' dir='ltr'>et</span> <span class='ocrx_word' id='word_1_187' title='bbox 547 2641 616 2708; x_wconf 83' lang='lat' dir='ltr'>fuse</span> <span class='ocrx_word' id='word_1_188' title='bbox 636 2642 811 2730; x_wconf 62' lang='lat' dir='ltr'>propagati.</span> <span class='ocrx_word' id='word_1_189' title='bbox 828 2641 924 2707; x_wconf 49' lang='lat' dir='ltr'>¹Hinc</span> 
     </span>
     <span class='ocr_line' id='line_1_30' title="bbox 92 2729 925 2820; baseline -0.002 -24"><span class='ocrx_word' id='word_1_190' title='bbox 92 2729 200 2798; x_wconf 86' lang='lat' dir='ltr'>futiles</span> <span class='ocrx_word' id='word_1_191' title='bbox 224 2733 389 2819; x_wconf 88' lang='lat' dir='ltr'>opiniones</span> <span class='ocrx_word' id='word_1_192' title='bbox 409 2731 506 2820; x_wconf 80' lang='lat' dir='ltr'>vulgo</span> <span class='ocrx_word' id='word_1_193' title='bbox 522 2747 669 2818; x_wconf 83' lang='lat' dir='ltr'>receptae</span> <span class='ocrx_word' id='word_1_194' title='bbox 688 2731 728 2796; x_wconf 91' lang='lat' dir='ltr'>de</span> <span class='ocrx_word' id='word_1_195' title='bbox 744 2730 836 2794; x_wconf 87' lang='lat' dir='ltr'>rebus</span> <span class='ocrx_word' id='word_1_196' title='bbox 859 2749 925 2794; x_wconf 86' lang='lat' dir='ltr'>non</span> 
     </span>
     <span class='ocr_line' id='line_1_31' title="bbox 91 2818 924 2910; baseline 0 -26"><span class='ocrx_word' id='word_1_197' title='bbox 91 2824 166 2885; x_wconf 85' lang='lat' dir='ltr'>satis</span> <span class='ocrx_word' id='word_1_198' title='bbox 191 2823 335 2910; x_wconf 83' lang='lat' dir='ltr'>cognitis.</span> <span class='ocrx_word' id='word_1_199' title='bbox 368 2818 407 2886; x_wconf 90' lang='lat' dir='ltr'>ln</span> <span class='ocrx_word' id='word_1_200' title='bbox 426 2818 620 2910; x_wconf 84' lang='lat' dir='ltr'>explicandis</span> <span class='ocrx_word' id='word_1_201' title='bbox 644 2840 675 2886; x_wconf 88' lang='lat' dir='ltr'>et</span> <span class='ocrx_word' id='word_1_202' title='bbox 697 2818 852 2885; x_wconf 86' lang='lat' dir='ltr'>discendis</span> <span class='ocrx_word' id='word_1_203' title='bbox 875 2841 924 2884; x_wconf 88' lang='lat' dir='ltr'>re·</span> 
     </span>
     <span class='ocr_line' id='line_1_32' title="bbox 90 2905 924 3063; baseline -0.005 -85"><span class='ocrx_word' id='word_1_204' title='bbox 90 2907 151 2978; x_wconf 80' lang='lat' dir='ltr'>bus</span> <span class='ocrx_word' id='word_1_205' title='bbox 165 2908 418 3002; x_wconf 86' lang='lat' dir='ltr'>philosophicis,</span> <span class='ocrx_word' id='word_1_206' title='bbox 442 2931 525 2998; x_wconf 75' lang='lat' dir='ltr'>quae</span> <span class='ocrx_word' id='word_1_207' title='bbox 540 2911 671 3063; x_wconf 78' lang='lat' dir='ltr'>estola</span> <span class='ocrx_word' id='word_1_208' title='bbox 685 2905 924 2991; x_wconf 73' lang='lat' dir='ltr'>ratiocinatione</span> 
     </span>
    </p>

    <p class='ocr_par' dir='ltr' id='par_1_4' title="bbox 520 3018 645 3062">
     <span class='ocr_line' id='line_1_33' title="bbox 520 3018 645 3062; baseline 0 0"><span class='ocrx_word' id='word_1_209' title='bbox 520 3057 524 3062; x_wconf 87' lang='lat'>.</span> <span class='ocrx_word' id='word_1_210' title='bbox 627 3018 645 3062; x_wconf 84' lang='lat'><em>2</em></span> 
     </span>
    </p>
   </div>
   <div class='ocr_carea' id='block_1_2' title="bbox 0 0 1168 3438">
    <p class='ocr_par' dir='ltr' id='par_1_5' title="bbox 0 0 1168 3438">
     <span class='ocr_line' id='line_1_34' title="bbox 0 0 1168 3438; baseline 0 1"><span class='ocrx_word' id='word_1_211' title='bbox 0 0 1168 3438; x_wconf 95' lang='lat' dir='ltr'> </span> 
     </span>
    </p>
   </div>
  </div>
 </body>
</html>
