2300 3506
308 271 671 328 IOGlGH‘QVABS'HO
691 273 733 321 n.
899 277 942 348 29

97 347 301 423 monstrare,
318 370 348 415 et
364 371 444 436 quae
460 365 571 410 contra
591 359 804 436 opponuntur
819 345 943 424 solvere

104 459 300 526 possumuse
331 438 409 503 alter
430 455 476 503 est
500 432 728 522 imperfectus,
760 454 857 520 quum
871 440 946 501 ¹sci-

106 527 179 592 licet
201 529 320 614 aliquas
342 545 464 591 rantum
480 524 726 601 conclusiones,
756 543 814 590 nec
835 545 945 592 omnes

108 615 298 681 difficiliores
327 636 366 677 co
393 615 558 691 novimus,
584 632 690 699 neque
717 613 809 678 etiam
835 615 945 680 solve-

107 725 142 770 re
163 707 311 770 valemus
331 634 534 779 diliciliora,
557 720 640 788 quae.
658 702 780 790 opponi
799 719 944 790 possunt,

106 801 306 882 argumenta.
339 793 442 858 Varia
475 789 568 854 etiam
601 790 798 855 scientiarum
828 813 946 880 genera

106 881 401 970 distinguisolent.
431 878 567 964 Aliquae
592 879 737 946 scientiae
760 899 798 943 ex
823 881 947 966 princia-

106 969 169 1055 piis
202 991 259 1054 per
287 965 548 1043 semotissimis,
575 969 663 1052 quasi
689 983 802 1052 sponte
830 970 945 1050 fluunt,

16 1093 17 1096 ¹
107 1055 275 1144 inquibus
292 1072 442 1120 accurata.
454 1053 816 1142 methodo-pertractatis
833 1099 842 1134 ‚
872 1058 948 1121 nul·

108 1147 161 1210 lus
182 1163 231 1210 est
253 1143 489 1208 controversiae
513 1145 619 1220 locus,
649 1145 754 1232 qualia
777 1162 850 1208 sunt
870 1168 950 1234 geo-

109 1234 247 1298 metriae
267 1227 430 1300 elementa.
464 1231 552 1297 Aliae
576 1233 723 1298 scientiae
749 1252 823 1296 sunt
850 1237 949 1324 tnagis

108 1319 300 1400 involutae,
320 1339 461 1406 quarum
484 1320 635 1408 principia
658 1320 885 1401 cantabona,
917 1339 949 1389 et

110 1409 471 1498 conclusioneslongius
488 1425 648 1486 remotae,
672 1429 815 1498 quaeque
832 1411 949 1500 dispu-

110 1501 223 1564 tationi
240 1500 346 1566 locum
365 1501 546 1584 relinquunt
562 1522 572 1576 3
596 1499 704 1584 quales
718 1495 779 1565 fere
792 1519 865 1562 sunt
881 1523 951 1566 om·

107 1607 169 1654 nes
199 1590 344 1656 scientiae
366 1587 549 1665 naturales,
578 1585 710 1650 mathesi
740 1605 883 1674 excepta.
936 1605 941 1633 ¹

113 1713 524 1816 Lootcn'nlnnenns
551 1738 600 1814 alo
621 1737 739 1786 omnus
765 1701 948 1795 serenatas

138 1827 368 1900 factumue
384 1827 595 1874 ranunculus
616 1827 866 1890 anovtaaunns
877 1857 887 1890 ,
904 1833 947 1880 uu

142 1915 194 1960 ao
214 1916 341 1962 ortuum
359 1919 470 1966 vacas
494 1917 639 1964 salutat
658 1918 859 1965 vtttrsstmn
875 1922 949 1970 usn.

110 2049 112 2054 ’
159 2025 228 2098 IV·
276 2030 368 2094 Patet
384 2051 423 2095 ex
447 2030 515 2116 ipsa
539 2031 662 2120 logicae
680 2033 846 2096 artificialis
868 2035 952 2102 defi-

113 2117 246 2184 nitione.
278 2117 402 2183 Etenim
426 2119 545 2207 logicae
570 2122 717 2184 naturalis
733 2124 856 2208 regulas
874 2147 952 2188 con-

114 2201 186 2271 fuse
199 2223 324 2270 tantum
339 2206 482 2296 cognitas
498 2251 507 2286 ‚
534 2208 680 2273 distincte
697 2211 834 2294 explicat
849 2212 953 2302 logica

116 2293 315 2372 artificialis,
340 2317 455 2382 easque
472 2296 511 2360 ad
526 2317 614 2360 usum
631 2297 661 2357 in
681 2315 885 2386 quocumque
899 2313 955 2367 ca*-

109 2379 149 2446 ³su
175 2379 344 2448 transferre
371 2379 481 2448 docet.¹
503 2385 619 2451 Totam
646 2385 763 2471 logicae
787 2389 953 2456 artificialis

112 2472 284 2537 utilitatem
299 2471 394 2558 paolo
406 2471 503 2535 fusius
517 2472 759 2562 explicabimus.
774 2473 892 2560 Logica
905 2491 956 2544 er-

115 2579 223 2622 rorum
238 2576 350 2624 causas
367 2561 468 2646 aperit
485 2579 516 2626 et
535 2562 671 2627 remedia
688 2563 863 2651 proponit,
890 2567 956 2632 dot.
1058 2589 1062 2602 .

114 2663 168 2711 cet
189 2669 250 2712 rem
267 2650 298 2710 in
323 2660 394 2712 snas
414 2665 522 2734 partes
542 2650 755 2727 distribuere,
787 2651 956 2724 obscuram

117 2731 348 2802 vocabulorum
365 2739 525 2801 notionem
541 2740 718 2823 explicate,
735 2741 883 2808 inuentam
899 2748 956 2812 de-

117 2825 307 2902 terminare,
333 2826 428 2890 docet
453 2827 597 2911 ambigua
618 2827 846 2915 ¹distinguere,
873 2823 958 2898 falsi-

112 2930 211 2979 tatem
224 2913 402 2999 subspecie
415 2915 479 2978 veri
493 2916 643 2982 latentem
655 2937 845 3003 coarguere,
863 2924 958 2984 ratib-

111 3023 167 3068 nes
184 3003 228 3068 ad
242 2998 506 3092 persuadendum
518 3005 649 3074 idoneas
661 3017 852 3085 contexeret
869 3006 958 3091 quoe
