2264 3420
256 119 342 168 rans
368 115 399 166 rr
425 117 591 168 narsen.
612 117 689 170 oar.
715 115 759 165 rr.
906 98 947 168 dt

1 218 4 251 r
45 203 110 258 est
121 247 133 280 ‚
145 187 286 257 ¹sens'ario
303 208 435 278 quoqne
450 190 481 254 in
495 191 597 255 anirna
614 189 737 256 diversa
756 205 826 253 esse
842 184 953 254 debet.

1 309 3 344 ι
51 297 141 346 svn
170 279 258 344 Hine
274 281 297 344 si
312 282 496 366 contingat,
514 277 597 344 idern
613 275 775 343 obiectum
799 278 955 342 diversam

1 421 2 429 ,
52 366 93 432 in
110 366 229 433 eodem
246 387 366 458 organo
389 367 596 432 mutationem
618 365 770 444 efficere,
797 365 954 432 diversum

1 487 2 490 ¹
56 475 200 542 qnoque
226 473 383 546 apparere
405 453 505 521 debet
533 455 706 522 obiectum.
734 454 804 520 Hae
823 456 954 543 regulae

56 545 235 612 continent
252 546 390 610 rationes
406 544 578 632 generales,
595 565 651 608 cur
667 563 784 621 sensus,
803 563 881 626 quae
898 544 955 608 di-

1 672 2 677 κ
55 655 161 698 versa
174 651 262 713 sunt,
275 655 372 721 saepe
386 649 622 718 repraesentent
638 631 765 708 eadent,
779 651 811 696 et
826 649 952 710 contrat
1023 695 1026 706 ,

58 721 209 808 ideoque
226 718 336 786 fallant
350 740 402 787 seu
419 717 557 785 efficiant
566 767 576 798 ,
599 738 635 786 ut
649 720 766 805 aliquid
784 737 951 808 appareat,

1 846 2 853 κ
59 808 159 896 quod
177 828 314 876 nonest.
331 807 382 874 Ex
396 807 445 873 his
462 810 555 874 etiarn
571 810 674 874 fluunt
689 810 840 897 generalia
857 809 952 871 visio·

13 965 17 972 ,
55 898 112 963 nis
138 897 347 986 explicandae
370 897 545 985 principia,
572 917 603 963 et
626 900 805 984 opticarum
827 895 953 985 decep*

1 1030 2 1058 2
59 988 200 1052 tionum
228 984 442 1052 fundamenta.
472 984 534 1052 Sed
561 985 601 1052 de
631 985 676 1050 lris
703 985 735 1050 in
764 984 914 1075 physica..

186 1152 492 1231 sotrrnrrn·
507 1158 842 1232 onrncrrotrns.
934 1101 944 1132 Τ

1 1415 2 1418 ¹
136 1336 264 1406 Obiecr.
284 1360 312 1408 r.
325 1338 437 1406 Plures
451 1337 678 1428 producuntur
694 1338 727 1404 in
743 1361 864 1430 organo
879 1363 953 1410 een·

65 1426 156 1491 sorio
173 1429 230 1495 rite
247 1432 424 1494 constituto
448 1428 639 1495 mutationes
665 1427 732 1496 sine
755 1432 818 1494 ulla
834 1433 963 1498 animae.

68 1517 252 1584 sensatione
271 1539 282 1594 3
308 1538 386 1605 ergo
403 1515 482 1582 falsa
498 1534 544 1582 est
570 1516 746 1582 conclusio.
772 1517 868 1582 Prob.
886 1537 952 1585 ant.

70 1603 160 1668 Dum
177 1604 313 1672 interdiu
335 1604 460 1672 coelurn
481 1605 658 1686 inruemur,
683 1606 818 1694 singulae
843 1608 954 1674 stellae

67 1692 196 1757 luminis
213 1694 318 1760 radios
335 1695 366 1759 in
381 1695 512 1759 oculum
531 1697 588 1761 rite
603 1696 811 1759 constitutum
832 1695 953 1762 immit-

2 1789 7 1797 ‘
70 1782 274 1868 tunt,quibns
288 1784 450 1848 stellarum
462 1785 567 1872 imago
581 1784 712 1849 inoculo
724 1781 953 1862 delineatur,ae

70 1870 207 1956 proinde
223 1870 413 1936 mutationes
426 1873 587 1961 inorgano
602 1873 742 1940 sensorio
754 1873 951 1960 producunt;

70 1960 157 2044 arqui
170 1979 276 2049 tamen
290 1960 393 2037 stellas
403 1960 504 2026 anima
514 1980 579 2024 non
594 1961 742 2049 percipit,
755 1983 831 2050 ergo
844 1961 951 2048 plures

69 2046 297 2133 producuntur
306 2048 337 2110 in
345 2067 468 2135 organo
482 2047 623 2114 sensorio
634 2050 875 2116 rireconstituto
887 2071 952 2116 nau·-

69 2138 206 2201 tationes
231 2137 297 2202 sine
321 2135 387 2200 ulla
400 2137 529 2202 'animae
546 2139 732 2202 sensatione.
749 2136 849 2226 Resp.
874 2139 950 2206 dist.

28 2303 30 2308 Ι
71 2241 158 2302 anta,
176 2225 281 2311 plures
297 2223 519 2315 producuntur
533 2225 599 2290 sine
615 2224 788 2291 sensatione
800 2227 953 2290 mutatio·

70 2332 126 2377 nes
143 2310 402 2395 insufficientes,
429 2315 469 2378 C.
486 2361 498 2395 ,
526 2310 750 2398 sufficienter,
777 2311 820 2376 N.
839 2330 902 2377 ant.
920 2329 952 2380 et

83 2419 172 2465 conr.
188 2401 240 2465 Ad
255 2400 493 2489 probationem,
510 2401 550 2467 C.
567 2401 639 2466 mai.
654 2447 664 2482 ,
690 2398 763 2466 dist.
780 2400 854 2462 min.
866 2445 881 2479 „
893 2404 953 2467 ani·
1006 2457 1011 2463 .

76 2509 126 2552 tna
141 2491 243 2556 stellas
260 2511 323 2555 non
340 2490 475 2578 percipit
491 2491 651 2569 interdiu,
676 2488 737 2554 hoc
755 2506 826 2567 est,
849 2491 952 2556 aninra

70 2578 227 2643 stellarum
241 2580 459 2667 perceptiones
468 2578 633 2646 debiliores
642 2578 681 2645 ab
693 2579 758 2646 aliis
769 2573 958 2648 fortioribus.

76 2686 138 2730 non
158 2666 345 2756 distinguit,
370 2668 411 2732 C.
438 2669 534 2734 min:
558 2669 660 2734 nullas
683 2666 777 2732 habet
794 2669 953 2736 stellarurn

76 2757 295 2842 perceptiones
316 2755 492 2837 obscuras,
519 2755 566 2821 N.
591 2759 663 2822 min.
685 2774 716 2824 et
739 2757 953 2842 consitaque

73 2865 140 2907 'non
156 2845 258 2908 omnis
271 2844 405 2910 rnntario
420 2849 449 2910 in
466 2866 589 2933 organo
600 2846 745 2912 sensorio
759 2841 840 2908 facta
858 2843 955 2910 suffi-

78 2932 176 3008 cir‚nt
189 2934 291 2998 anima
307 2933 432 3012 sentiat3
446 2935 502 2999 sed
517 2935 696 3020 requiritur,
706 2948 742 2997 ut
757 2933 889 2994 mutatio
902 2933 955 2994 illa

78 3020 118 3086 ad
132 3020 292 3090 cerebrum
308 3043 409 3110 usque
423 3023 666 3104 transmittetur,
676 3041 707 3089 et
718 3019 838 3106 ideirco
852 3038 955 3086 neces·
