2270 3416
263 151 349 202 tons
367 156 396 202 11
412 157 571 204 uss‘rntts.
587 155 748 203 cnte’ttt.
869 213 874 224 ι
927 153 988 224 ttp

87 221 282 314 appetibile.
299 223 341 288 Et
368 243 453 291 certe
474 231 621 292 voluntas
640 243 747 314 potest
766 223 990 310 aliquomodo

87 310 222 378 conferti
242 334 315 378 cum
330 312 503 379 intellectu.
529 315 809 393 Quemadmodum
833 315 913 376 enim
928 311 990 376 ati-³

88 402 207 466 sentitis
222 422 285 466 non
311 423 476 489 possumus
501 399 585 467 faiso'
602 403 661 470 sub
687 403 797 490 specie
816 400 907 477 faio,
934 398 990 468 sed

89 504 213 554 tantum
238 489 298 554 sub
325 492 453 556 ratione.
467 495 530 556 veri
551 493 750 580 apparenti53
777 494 818 556 ita
835 511 891 555 nec
908 509 991 576 pus-

88 597 196 642 snmus
222 595 375 668 appetere
398 577 513 644 malum
530 579 589 646 sub
605 580 726 647 tatione
747 577 838 656 maii,
855 578 909 644 sed
925 589 992 644 teo-¹

87 682 158 732 tum
187 666 246 732 sub
272 668 389 734 tatione
410 666 487 732 boni
513 670 705 757 apparentis.
985 673 995 701 ¹

90 799 100 808 --
157 753 344 837 Obiect..4.
370 758 612 822 §assensistis
646 757 786 822 immines
819 753 992 820 certissime

89 859 229 921 norunt,
259 837 407 910 virtutem
424 862 455 910 et
470 848 634 912 'seientiam
653 866 724 914 esse
736 865 842 910 vetum
858 845 990 921 bunum,¹

86 929 179 1017 quod
193 930 276 996 nulia
292 932 437 1000 molestia
451 934 537 1018 sequi
549 954 680 1024 potest3
695 934 782 1020 atqui
791 950 901 997 tamen
917 932 993 1019 pie-

91 1018 183 1102 tique
214 1019 355 1087 homines
383 1024 530 1087 virtutem
564 1046 629 1088 non
653 1040 838 1097 sectentur,
864 1019 1002 1106 plurimi.

94 1108 253 1171 scientiam
278 1131 389 1192 parum
416 1127 549 1186 curanti
579 1134 662 1200 ergo·
678 1111 788 1179 saltem
808 1127 991 1174 aversantut

96 1192 217 1261 bouum
245 1196 441 1264 subitatione
466 1198 555 1264 boni.
578 1199 679 1286 Resp.
699 1202 770 1266 dist.
787 1197 876 1272 mai,
892 1197 996 1270 virtus,

95 1284 219 1350 moralis
243 1304 275 1350 et
299 1288 425 1353 scientia
447 1306 519 1352 sunt
542 1309 651 1354 vetum
673 1287 810 1365 bunum,
835 1284 992 1372 qunnul·

91 1371 122 1438 ia
152 1373 294 1438 molestia
320 1375 410 1463 sequi
441 1392 547 1462 potest
565 1399 628 1464 per
649 1400 683 1440 se
699 1397 730 1443 et
743 1375 916 1441 secundum
931 1393 994 1438 te-

93 1481 160 1526 tam
183 1461 331 1528 bonitatis
356 1463 537 1542 notionem,
560 1465 601 1530 C.
625 1466 694 1528 mai.
715 1480 776 1554 pter
795 1459 992 1528 accidente!

91 1551 432 1638 secuudumbonitatis
458 1551 621 1619 notionem
636 1573 823 1628 erroneam,
849 1549 891 1613 N.
918 1549 990 1612 mai.

91 1639 229 1705 similiter
249 1639 323 1730 dist.
350 1642 423 1705 min.
446 1641 588 1730 plerique
607 1641 747 1707 homines
763 1639 910 1704 virtutem
927 1657 992 1704 uon

91 1743 275 1809 sectantur,
297 1728 373 1794 etin
389 1728 516 1794 virtutis
538 1730 690 1796 exercitio
709 1728 883 1795 molestiam
900 1727 992 1790 inve·

93 1815 184 1886 nium
202 1839 258 1906 pet
276 1817 421 1884 accidens
437 1836 524 1883 etex
542 1839 690 1907 perversa
703 1817 778 1883 boni
793 1816 932 1888 notione,
948 1813 991 1902 (3¹.¹

90 1906 168 1972 min.
192 1926 250 1993 per
266 1927 299 1972 se
317 1924 347 1971 et
364 1927 401 1971 ex
422 1907 540 1972 sincera
555 1909 684 1973 notione
707 1906 804 1982 boni,
830 1903 876 1967 N.
898 1904 991 1980 mini,
1032 1930 1036 1938 =

94 2015 192 2082 quate
208 1995 252 2058 N.
267 2015 355 2059 cons.
370 1990 487 2081 Itaque
501 2017 597 2058 unum
615 1996 756 2084 sequitur
771 1990 857 2058 aiiud
871 2013 928 2078 per
943 2011 991 2068 se,

15 2113 17 2122 ³
91 2083 118 2148 si
137 2082 169 2148 in
186 2084 283 2170 priori
310 2084 488 2149 continetur
501 2085 597 2160 ratio,
615 2099 670 2149 ¹cus
685 2085 814 2148 alterum
830 2093 992 2168 sequatur.
1029 2137 1031 2150 ,

93 2166 146 2236 Ita
174 2192 268 2260 grate
295 2172 408 2237 vulnus
436 2173 525 2236 cordi
545 2173 701 2237 'inflictum
723 2192 776 2254 per
795 2191 828 2234 se
849 2165 993 2250 sequitur

95 2279 207 2336 munst
236 2281 348 2346 nempe
377 2261 490 2324 vuinus
518 2260 608 2325 cordi
638 2261 789 2323 inflictum
816 2274 928 2341 et¹pet
961 2269 993 2318 se

93 2344 221 2414 lethale.
240 2349 284 2413 At
300 2370 398 2413 unum
423 2348 510 2414 aliud
525 2350 612 2434 sequi
626 2345 740 2414 dicitur
752 2360 814 2434 per
828 2341 992 2420 accidens,

94 2435 121 2500 si
145 2436 177 2501 in
201 2435 296 2521 priori
325 2459 388 2504 tton
413 2439 611 2504 contineatur
637 2438 747 2512 ratius
773 2432 995 2520 consequitur
1091 2457 1095 2466 ¹

93 2525 249 2602 aiterum,
267 2523 322 2590 sed
346 2524 424 2591 tatio
439 2517 617 2608 continetut
631 2526 794 2590 dumtaxat
812 2522 843 2586 in
859 2519 920 2584 aiio
935 2520 996 2584 ali·

93 2635 165 2701 quo
182 2632 334 2690 externo,
351 2635 414 2677 non
436 2631 537 2680 tamen
554 2615 741 2680 necessario.
758 2611 808 2676 Sic
836 2610 903 2676 leve
926 2607 996 2672 vul·

94 2723 157 2768 nus
181 2702 283 2768 manui
313 2702 467 2766 inflictum
493 2724 549 2789 pet
574 2725 605 2769 se
632 2726 697 2766 non
725 2699 869 2788 sequitur
898 2717 995 2776 mors,

94 2791 187 2877 sequi
212 2805 314 2856 tamen
338 2808 445 2878 potest
470 2814 528 2878 per
553 2791 752 2876 accidens,si
776 2806 904 2872 propter
928 2782 996 2847 chi·

96 2881 184 2967 turgi
207 2880 375 2944 absentiam
402 2879 495 2944 nimia
518 2879 675 2967 sanguinis
698 2875 792 2962 copia
815 2895 852 2938 ex
871 2873 998 2936 desecta

98 2988 181 3032 vena
208 2967 391 3054 profluent,
415 2985 446 3032 et
471 2970 500 3032 in
523 2967 584 3034 hoc
605 2987 678 3034 casu
700 2961 811 3034 vuinus
827 2959 997 3028 dicitutie·

99 3052 186 3122 thale
206 3077 262 3144 pet
290 3054 447 3122 accidens.
844 3061 846 3066 “
