2246 3412
73 135 77 144 Ι
163 55 232 146 ⁸3³
389 69 615 130 fnrsrrrvr.
637 71 773 124 omres.
954 125 960 138 ,

163 139 383 234 cognorit,·et
398 143 430 208 ri
444 143 564 210 aeterni
578 142 699 210 decreti
717 145 810 212 rebus
825 143 977 214 omnibus
1017 165 1063 215 ro-

161 233 269 308 sidet,
284 230 377 296 etiam
387 253 470 320 quae
482 231 646 306 vilissimae
657 251 837 300 censentur.
852 234 938 301 Hinc
950 168 1065 303 Cdris·

164 338 218 386 tus
241 320 400 386 Dominus
424 320 599 408 discipulos
623 341 698 386 suos
716 344 882 410 persuasos
903 323 1063 408 facturus,

165 409 256 498 quod
274 409 359 475 Deus
374 431 483 488 eorum
504 430 612 473 curam
627 431 778 476 summam
793 429 901 501 gerat,
919 435 938 478 a
952 414 1064 480 minori

162 499 207 564 ad
219 498 319 564 maius
333 499 377 562 ira
395 515 650 587 argumentatur:
665 507 684 584 ’Σ
697 522 796 566 nonne
820 498 886 578 duo
906 523 1062 590 passeres

162 609 239 654 asse
266 603 425 665 veneunt,
451 603 484 652 er
507 610 590 653 unus
620 610 662 653 ex
676 587 746 653 r‘llr's
759 611 820 654 non
837 587 937 656 cadet
962 612 1060 680 super

162 679 291 752 serram
315 677 382 740 sine
403 683 505 763 patre
530 677 663 742 oe'srroi
688 680 793 742 vestri
816 693 929 744 aurem
944 678 1063 768 capilli

164 767 288 852 eapitis
313 783 420 830 omnes
439 768 604 831 numerati
616 782 703 830 runt.
719 763 830 832 Nolite
845 787 922 854 ergo
933 771 1058 834 timere:

161 851 286 936 multis,
290 853 483 940 passeribus
498 851 645 918 meliores
660 857 741 919 estis
755 878 821 920 vos.
839 855 978 920 Christo
1002 856 1063 945 igi-

164 957 220 1006 tur
252 940 408 1020 docente,
436 963 538 1008 rerum
561 941 763 1028 quantumvis
791 943 923 1021 vilium,
953 949 1059 1032 quales

161 1045 236 1094 sunt
251 1051 394 1118 passeres
406 1046 437 1095 et
451 1029 578 1116 capilli,
603 1047 723 1094 tantam
738 1053 845 1096 curam
861 1033 943 1120 gerit
961 1033 1060 1114 Deus,

161 1137 199 1187 ut
220 1117 295 1182 nihil
316 1118 425 1184 iisdem
450 1117 593 1184 accidere
615 1120 714 1206 possit
742 1121 797 1184 nisi
820 1121 893 1208 ipso
919 1122 1062 1190 volente.

79 1205 85 1216 ‘
162 1205 210 1271 Et
227 1225 313 1272 certe
327 1229 408 1294 quae
422 1226 531 1272 nostro
548 1205 662 1272 iudicio
675 1205 817 1287 abiecta,
835 1208 909 1274 vilia
930 1228 966 1276 et
983 1233 1065 1274 con·
1116 1237 1117 1240 ¹

163 1295 334 1362 temnenda
349 1314 536 1374 censentur,
561 1294 631 1360 talia
657 1318 721 1360 non
746 1314 820 1362 sunt
849 1295 971 1364 iudicio
992 1299 1062 1366 Dei.
1116 1319 1117 1336 ³

163 1383 253 1453 Nam
269 1385 403 1470 pretinm
417 1383 614 1452 decernimus
631 1383 724 1450 rebus
741 1408 779 1452 ex
798 1405 881 1462 usu,
897 1409 999 1473 quem
1016 1409 1063 1454 eas
1116 1441 1117 1460 r

165 1473 282 1548 habere
300 1471 495 1551 iudicamus,
525 1493 556 1538 et
577 1473 650 1538 ideo
672 1475 744 1536 viiia
766 1491 804 1538 et·
820 1472 948 1540 abiecta
977 1476 1065 1540 nobis

165 1564 332 1639 ridentur,
359 1584 443 1650 quae
457 1561 576 1626 nullum
590 1579 646 1628 aut
660 1562 808 1648 exiguum
822 1583 916 1626 usum
929 1563 1064 1651 praebe·

165 1673 201 1722 re
228 1653 409 1740 praesertim
427 1651 518 1717 nobis
535 1651 755 1716 existimamus.
781 1651 826 1714 At
852 1649 948 1716 Deus
978 1653 1062 1720 videt

168 1763 293 1813 ominem
310 1761 401 1804 usum
416 1741 480 1806 sive
496 1739 674 1827 proximum
689 1741 751 1804 sire
766 1757 950 1818 remotum,
975 1764 1065 1828 quem

167 1828 422 1916 unumquodque
436 1851 489 1894 ens
505 1832 535 1892 in
552 1828 611 1891 hac
626 1829 769 1892 universa
785 1849 891 1920 gerum
907 1832 990 1896 serie
1009 1829 1067 1894 ha·

100 1981 103 1988 .
166 1916 245 1996 bet,
269 1934 306 1982 'et
328 1917 446 1982 idcirco
460 1918 500 1984 de
515 1938 570 1981 usu
591 1938 693 1982 rerum
711 1916 831 1982 iudicat
857 1918 888 1980 in
913 1919 1065 1985 relatione

129 2053 130 2063 r
168 2007 210 2074 ad
225 2025 327 2070 totum
343 2008 533 2072 universum.
557 2005 627 2068 Nos
643 2023 748 2070 autem
765 2005 794 2068 in
809 2025 869 2068 usu
883 2027 990 2071 rerum
1002 2008 1065 2070 im-

168 2095 306 2163 mediato
320 2094 570 2183 adquiescimus,
597 2093 693 2156 immo
718 2093 902 2178 saepissime
923 2117 964 2161 ne
983 2095 1064 2160 huuc

169 2184 298 2273 quidem
310 2185 489 2271 attingimus
504 2208 513 2260 3
539 2203 575 2246 ac
590 2181 724 2268 proinde
740 2184 843 2270 exigui
857 2203 933 2246 usus
949 2207 987 2250 ea
998 2205 1065 2248 aes-

83 2279 86 2292 *
170 2276 337 2351 timemus,
365 2295 499 2360 quorum
512 2291 587 2335 usus
603 2271 797 2336 immediatus
815 2292 877 2334 non
895 2289 947 2336 est
962 2270 1064 2360 magni
1116 2295 1117 2324 1

171 2363 342 2441 momenti,
365 2378 397 2444 et
413 2363 529 2426 nullius
551 2379 623 2424 usus
638 2382 674 2426 ea
700 2379 902 2445 reputamu8‚
926 2382 1068 2446 quorum
1116 2369 1117 2422 ἒ

170 2452 291 2516 nullum
314 2451 476 2537 percipere
494 2448 645 2514 valemus.
666 2449 775 2534 Atque
791 2448 862 2510 hinc
884 2446 1013 2514 abiecta
1035 2467 1068 2516 et

171 2541 243 2602 vilia
272 2539 321 2604 iila
345 2540 536 2614 iudicamus,
558 2537 647 2602 aliter
672 2557 801 2624 prorsus
822 2535 1012 2615 iudicaturi,
1043 2541 1067 2603 si
1116 2541 1117 2620 Ῐ

171 2627 261 2692 nobis
275 2627 401 2692 daretur
414 2631 568 2713 integrum
587 2647 688 2690 rerum
704 2648 816 2690 nexum
831 2625 981 2690 intuitive
996 2649 1072 2711 per·
1116 2639 1117 2694 i

67 2785 70 2793 Δ
172 2715 342 2800 vestigare.
367 2715 417 2779 Sic
438 2716 470 2778 in
494 2711 642 2778 machinis
672 2732 747 2778 suut
775 2731 880 2799 partes
907 2715 1072 2798 quaedam
1116 2707 1117 2778 i

128 2801 129 2804 ’
172 2803 322 2891 exiguae,
351 2825 484 2888 quarum
510 2823 601 2866 usum
620 2823 685 2866 non
707 2801 840 2886 percipit
861 2799 1072 2869 mechanicae
1116 2797 1117 2876 i

109 2904 124 2920 “
174 2888 354 2972 imperitus,
383 2911 524 2977 quasque
549 2891 682 2973 proinde
707 2889 842 2953 abiectas
866 2887 1006 2968 iudicat,
1037 2909 1072 2956 et

177 2977 261 3062 *alra
282 2974 424 3042 machina
439 2977 545 3046 abesse
561 2999 675 3068 posse,
701 2977 757 3046 sibi
771 2977 867 3066 fingit.
880 2976 945 3046 sed
969 2977 1073 3070 longe
1116 3019 1117 3036 r
