2326 3438
215 167 271 225 IV*
935 204 939 212 t

209 243 453 338 philosophicis*
472 237 689 340 opinionibus·
703 241 1062 336 profana‘eonfusionc

120 357 122 362 ⁴
208 337 398 406 miscendae.
421 339 538 428 Itaque
556 340 728 404 idsummo
754 336 862 402 studio
877 339 1062 402 curandum

207 438 281 506 est,
297 447 332 490 ut
343 429 433 494 Fidei
450 445 576 493 nostrae
591 427 739 516 dogmata
758 449 830 491 cum
846 424 1066 514 philosophi-²

208 515 253 578 cis
270 513 502 604 hypothesibus
520 539 584 580 non
600 534 856 593 connectantur,
871 514 924 579 sed
941 515 1063 580 talibus

207 603 464 671 demonstrentur
483 606 788 696 argumentis,·quae
811 605 934 669 anullo
950 603 1068 668 ttttba.-·

150 765 152 770 ¹
209 709 260 758 tae
287 695 357 758 fidei
380 693 576 782 philosopho
593 696 696 782 negari
713 693 846 780 possint.
863 692 956 757 Totis
979 692 1062 778 qui-

207 780 282 846 dem
299 781 417 848 vitibus
439 783 656 848 obsistendum
672 799 718 847 est
735 783 833 848 errori
851 781 1063 868 periculosis·-¹

134 924 138 932 .
208 893 274 957 que
289 871 506 959 opinionibus.
521 873 582 938 Sed
600 873 746 936 laudandi
762 871 886 936 minime
898 887 969 934 sunt
985 893 1061 936 me-

207 960 391 1050 taphysici,
407 963 460 1046 qui
478 961 623 1050 religioso
637 961 765 1048 quidem
783 1005 792 1037 ,
811 960 865 1024 sed
880 957 1057 1024 ardentiori

152 1110 155 1120 ,
208 1049 315 1116 animo
337 1051 378 1116 ad
394 1050 598 1138 probandam
620 1052 738 1113 animae
752 1049 1001 1134 spiritualitatem
1017 1071 1059 1112 a-

208 1137 321 1205 liamve
337 1139 511 1227 quamlibet
529 1155 656 1204 sanctae
672 1137 846 1226 Religionis
862 1137 1059 1217 doctrinam,

209 1225 394 1292 refellendas
414 1227 650 1293 sibiassumunt
674 1226 777 1290 varias
804 1217 1058 1306 catholicorum,

209 1318 307 1404 aitque
333 1319 533 1402 incorruptae
558 1309 629 1382 fidet
652 1315 921 1404 philosophorum
937 1314 1062 1404 hypo-¹

102 1475 106 1484 ι
210 1402 326 1471 theses.
344 1406 388 1470 Hi
403 1407 529 1494 quidem
546 1450 555 1483 ,
572 1405 650 1469 dum
666 1404 807 1493 religioni
824 1404 976 1491 prodesse
992 1419 1059 1467 νο-Ι

209 1491 308 1573 lunt,
334 1496 503 1580 aliquando
531 1513 649 1559 nocent
666 1493 864 1578 plurimum,
888 1493 1060 1581 impiisque

208 1581 296 1648 Fidei
313 1582 455 1649 hostibus
478 1607 562 1649 arma
580 1580 828 1648 subministrant.

235 1729 238 1740 .
277 1670 390 1760 Itaque
413 1671 608 1738 sanctissima
631 1671 719 1736 Fidei
739 1669 868 1736 decreta
884 1667 1058 1757 aphiloso·

211 1757 348 1847 phorum
361 1763 484 1849 placitis
497 1783 657 1826 secernere
670 1760 896 1848 religiosissime
904 1757 1054 1825 studebo.

211 1847 296 1924 Quia
320 1872 397 1916 vero
425 1853 456 1914 in
490 1848 581 1915 rebus
605 1848 829 1937 metaphysicis
848 1849 966 1912 incerta
983 1865 1059 1914 sunt

212 1935 373 2023 plurima,
397 1939 613 2028 cognitionum
639 1955 845 2014 nostratum,
871 1936 921 2000 vel
944 1937 1057 2002 saltem

206 2038 348 2090 mearunt
361 2027 486 2106 limites,
497 2047 556 2115 pro
568 2025 755 2114 ingenii-mei
770 2020 1057 2112 tenuitatelptaes'-

209 2111 330 2180 eribere
363 2117 535 2195 conabor,
559 2131 656 2200 atque
683 2115 811 2186 tandem
836 2114 1056 2203 saepesaepius

210 2215 315 2267 retum
327 2204 552 2271 obscuritatem
570 2221 624 2269 aut
647 2224 747 2268 meant
770 2203 977 2292 ignorantiam
1004 2203 1058 2267 toa·

157 2325 161 2336 ·
208 2312 309 2381 genoe
331 2291 422 2361 fateri
442 2317 506 2360 non
524 2293 672 2360 verebor.
689 2287 727 2355 In
744 2291 803 2355 hac
829 2311 933 2357 nutem
951 2308 1057 2356 meta-¹

210 2379 364 2472 physicae
381 2401 495 2472 parte,
514 2403 596 2470 quae
622 2381 663 2446 ad
687 2380 798 2446 attentis
822 2377 987 2446 facultates
1003 2397 1056 2458 ,at-v

208 2483 272 2555 que
286 2471 568 2560 actionestspecrat
584 2515 595 2549 ‚
611 2468 760 2534 monendi
775 2485 850 2533 sunt
866 2467 1000 2533 studiosi
1016 2490 1056 2533 a·

208 2557 403 2625 dolescentes
429 2604 439 2636 ‚
472 2577 508 2624 ut
537 2558 734 2644 sibimetipsis
750 2558 899 2636 ,animae
921 2555 1055 2638 scillcet,

209 2647 307 2736 magis
318 2670 414 2735 qnam
432 2646 514 2712 libris
529 2646 691 2713 studeant.
707 2643 768 2708 Est
781 2646 861 2710 enim
878 2644 1056 2734 metaphy-

141 2769 159 2782 ·
207 2733 288 2800 sicae
305 2756 377 2822 pars
393 2737 445 2803 illa
463 2737 560 2802 veluti
580 2734 717 2824 physica
733 2731 1056 2820 experimentorum

156 2845 158 2848 ·
206 2825 332 2903 nimae,
357 2847 438 2912 quae
454 2817 588 2914 quidem
604 2846 620 2888 a
636 2822 905 2911 vulgariphys‘t'ca
921 2825 1057 2909 experta·

203 2912 354 2994 vestale
368 2915 431 2982 hoe
447 2915 594 2991 maxine
609 2910 717 2982 differt
746 2911 925 2994 discrimine
935 2907 1056 3000 ,quod
