2246 3412
282 98 367 146 unns
386 96 420 144 ru
439 96 600 145 nnnnrrr.
622 97 710 144 carr
723 93 783 142 111.
927 97 989 173 ²²7

69 162 143 244 nisi
163 184 325 255 peractus
342 185 418 234 suae
433 167 605 231 voluntaris
620 166 682 244 ita,
709 185 745 230 ut
760 167 867 232 Deurn
898 189 992 258 agere

67 255 169 322 idern
186 257 224 322 sit
243 277 278 320 ac
293 256 396 322 Deum
412 255 514 333 velle,
532 273 567 320 ut
582 255 701 342 aliquid
718 257 784 320 liat.
804 255 891 343 Ergo
908 257 993 326 bene

72 344 281 430 explicatur,
297 344 375 432 quid
388 343 426 408 sit
441 363 616 408 concursus
629 360 688 422 ,et
702 365 767 429 quo
783 363 881 431 pacto
897 345 990 413 Deus

73 432 266 498 immediate
280 432 439 522 producut
449 453 556 498 omnes
569 449 600 498 et
613 431 755 520 singulos
767 451 855 496 actus
871 431 989 502 liberos

74 539 315 588 creaturarum.
331 522 503 586 Enimvero
519 521 606 586 Deus
622 543 685 585 non
702 537 813 608 potest
826 543 933 590 creare
955 541 990 592 et

74 621 278 676 conservare
291 609 470 698 potentiam
486 607 634 688 liberam,
651 611 704 674 nisi
721 609 801 674 velit
817 609 849 672 in
874 633 989 700 genere
1015 633 1019 646 ¹

75 719 200 764 omnes
222 715 310 786 aetup
331 699 444 766 liberos
458 697 598 764 eiusdem
615 698 803 784 potentiae;
828 696 890 762 hoc
907 701 990 768 eninr

77 786 186 872 exigit
210 806 323 852 natura
348 786 509 874 potentiae
532 786 661 854 liberae.
688 786 739 850 Sic
766 807 842 875 ergo
873 789 989 854 statuit

82 873 181 940 Deus
196 895 253 962 per
268 873 430 941 decretum
444 875 605 963 generale,
621 871 691 940 uolo
715 889 826 939 actum
845 875 989 964 quemli-

83 963 169 1042 bet,
196 962 247 1028 ad
258 985 350 1050 quem
365 987 434 1032 sese
458 961 720 1030 determinatum
744 977 795 1026 ert
818 980 988 1033 creatura.

87 1051 198 1116 Actus
212 1051 263 1120 ille
279 1051 448 1118 voluntatis
466 1053 511 1116 sic
527 1052 745 1118 consideratus
759 1050 791 1114 in
807 1071 941 1136 genere,
956 1073 990 1122 et

89 1153 129 1204 ut
145 1136 404 1208 indeterminatus
418 1137 583 1206 habendus
604 1157 650 1205 est
667 1160 728 1226 pro
749 1159 905 1203 concursu
929 1163 990 1229 ge·

90 1227 191 1294 nerali
208 1243 377 1298 etrenroto
392 1249 487 1316 atque
510 1231 541 1293 in
556 1244 634 1294 actu
646 1232 764 1315 primo.
793 1226 902 1306 Quum
929 1251 992 1294 au-

8 1381 9 1394 ,
91 1334 158 1384 tern
171 1333 311 1384 creatura
327 1339 365 1384 ex
376 1317 478 1384 'libera
493 1338 548 1382 sua
566 1316 826 1382 determinatione
839 1318 902 1404 agit
926 1316 991 1386 hoo

8 1471 9 1480 ,
92 1405 146 1472 uel
161 1405 235 1471 illud
251 1430 260 1484 ς
276 1425 354 1472 tunc
369 1423 459 1472 actus
472 1407 594 1471 divinae
605 1403 780 1470 voluntaris
793 1404 833 1470 de
847 1427 879 1470 se
893 1429 990 1494 gene·

8 1497 10 1574 ζ
93 1494 166 1560 tulis
182 1496 461 1584 quasiapplicatus
476 1493 517 1560 ad
532 1494 594 1559 hoc
609 1494 661 1557 uel
677 1491 775 1568 illud,
796 1493 893 1577 fitque
914 1517 992 1580 par-

8 1577 10 1596 *
92 1582 232 1648 ticularis
246 1583 306 1660 ita,
332 1600 366 1648 ut
380 1583 467 1650 Deus
489 1583 565 1647 velit
590 1583 620 1644 in
637 1580 817 1667 particulari
833 1579 1002 1668 quidquid,

8 1669 12 1688 '
74 1726 78 1734 .
97 1693 137 1737 ex
155 1670 252 1736 libera
263 1691 317 1736 sua
332 1670 593 1738 determinatione
607 1687 750 1734 creatura
763 1669 830 1733 vult
844 1669 875 1734 in
888 1673 992 1756 parti·-

8 1831 11 1842 Β
98 1758 218 1837 culari,
235 1775 265 1822 et
281 1778 327 1824 est
342 1759 515 1826 concursus
532 1760 562 1826 in
575 1773 653 1824 actu
669 1756 809 1822 secundo
824 1757 1009 1828 immudis«.
1096 1821 1098 1828 ,

8 1855 10 1930 ss
99 1863 152 1912 tus
167 1865 198 1914 et
214 1849 426 1916 simultaneus.
455 1847 665 1914 Simtrltaneus
680 1845 827 1930 quidem,
844 1847 915 1931 quia
932 1869 1013 1914 ne„
1040 1904 1043 1912 .

8 1945 9 1958 ¹
101 1959 164 2026 que
180 1936 338 2004 antecedit
354 1961 459 2025 neque
475 1934 674 2022 subsequitur
691 1933 847 1999 actionem
863 1951 1012 2004 creatu-r.

19 2019 25 2032 '
100 2047 172 2104 rae,
188 2025 243 2092 sed
257 2027 357 2113 ipsam
376 2025 609 2090 indivisibiliter
625 2022 807 2087 comitatur.
838 2020 888 2084 Eo
913 2026 997 2090 eninr

8 2127 9 2196 s
101 2116 170 2201 ipso
179 2117 304 2180 instanti
317 2137 401 2200 ,quo
412 2133 556 2180 creatura
569 2111 635 2176 vult
647 2108 763 2199 aliquid
775 2155 785 2188 ,
798 2108 878 2176 illud
890 2109 1015 2198 ipsum..

8 2219 9 2224 ’
103 2203 272 2270 vulteriarn
287 2204 387 2271 Deus.
1010 2250 1014 2260 .

8 2311 9 2318 ’
164 2291 252 2358 inst.
281 2315 310 2360 r.
334 2293 520 2363 Concursus
535 2289 593 2353 iste
605 2307 668 2350 non
684 2283 810 2348 viderur
826 2280 950 2350 differre
974 2309 993 2354 a
1010 2341 1013 2353 .

104 2401 259 2446 concursu
286 2383 449 2454 mediator
474 2399 551 2464 ergo
574 2375 660 2438 nulla
675 2391 721 2437 est
750 2373 865 2444 solutio
890 2374 994 2464 Resp.

107 2469 154 2532 N.
179 2487 244 2534 ant.
261 2469 437 2534 Discrimen
455 2485 500 2532 est
517 2469 598 2528 inter
614 2480 793 2545 utrumqne.
811 2461 1017 2533 Concursus.

109 2556 186 2623 enirn
200 2558 353 2623 mediatur
370 2556 464 2622 lrabet
482 2576 541 2640 pro
556 2551 689 2628 termino
701 2549 889 2633 immediato¹
899 2555 1016 2620 solam·

131 2647 286 2722 utentium,
297 2669 359 2732 qna
370 2644 524 2708 mediante
538 2659 672 2716 tantum,
686 2637 831 2704 ellectum
845 2642 998 2724 producit
1012 2703 1017 2714 ,

107 2667 193 2800 bens
209 2727 446 2800 cumcreatnra.
462 2731 752 2820 Concursusyem,
765 2727 864 2811 qualis
879 2750 895 2791 a
909 2730 1017 2797 nobis.

112 2822 300 2908 explicatur,
332 2807 425 2886 irater
450 2842 510 2908 pro
536 2819 670 2882 termino
696 2814 874 2880 immediato
899 2819 999 2904 ipsam

111 2912 263 2979 actionem
278 2912 563 2996 recuperationem
576 2923 749 2969 creaturae.

173 2995 256 3068 Inrt.
290 3023 319 3068 e.
344 2999 461 3064 Saltem
486 3013 657 3144 concursrp
679 2991 731 3055 ille
756 3006 909 3090 nonest,
938 2975 1015 3072 aec

611 3127 612 3133 .
667 3098 684 3142 a
