2246 3412
280 141 419 193 taus-rt
448 143 606 201 utraru-
634 143 710 190 eat.
736 143 779 192 rr.
915 153 977 225 ²43

15 243 19 284 t
78 189 175 280 tretia
197 213 322 281 tatione·
347 213 478 280 effectus
510 213 756 302 supernaturalis
781 217 983 306 appellatur,

79 305 135 389 qui
153 321 351 389 permutuunt
373 304 508 390 partium
525 323 641 370 nexum
658 324 831 388 earumque
845 311 981 392 qualita-

15 415 17 420 ’
79 409 127 466 tes
138 410 168 460 et
185 392 267 482 leges
284 408 388 456 motus
402 389 551 484 englieari
565 413 628 456 non
644 407 764 495 potest.
785 393 902 482 ltaque
918 421 982 486 pa.

79 497 146 559 tet,
167 480 516 566 tnttaeulascorpotum
544 497 694 548 essentiae
708 502 771 547 non
787 504 980 572 repugnare,

75 589 171 656 atque
185 569 392 637 essentiatum
402 567 659 635 immutabilitate
670 591 834 658 perperam
847 572 980 642 abusum

15 697 23 746 q
76 657 170 724 fuisse
185 659 368 744 Spinosam,
384 673 419 722 ut
435 657 660 724 miraculorum
677 656 918 745 possibilitatem
936 664 981 738 13.

15 789 23 834 ,ι
77 744 266 822 befactatet.
289 745 330 810 Et
353 743 483 831 quidem
510 745 534 810 si
556 767 612 834 per
634 746 862 816 immutabilem
877 774 986 826 rerunt

15 881 20 924 3
76 835 220 912 ordinem
244 833 456 923 intelligantur
474 833 626 900 veritaies
652 853 799 902 aeternae
814 839 889 903 nulli
904 862 982 906 mu-

75 924 189 993 tationi
203 923 360 990 obnoxiae
370 969 381 1000 ,
391 923 414 988 si
427 922 641 1012 intelligantur
653 921 740 1007 ipsae
756 945 856 988 tetum
873 950 980 996 essen·

15 1061 22 1082 s
75 1015 138 1083 tiae
151 1015 282 1078 omnino
296 1010 495 1078 invariabiles
507 1056 516 1090 ‚
526 1013 586 1076 iam
599 1011 722 1076 ordinis
742 1013 982 1084 miraculorum-

15 1090 22 1164 ,'
75 1124 137 1190 qne
163 1102 257 1178 notio
284 1101 489 1188 pervertitur.
516 1099 658 1174 Ercerte
686 1101 775 1165 Deus
794 1097 900 1168 facete
917 1127 983 1180 non

15 1177 17 1256 s
75 1207 208 1277 potest,
227 1205 264 1255 ut
279 1191 425 1274 spiritus,
443 1187 594 1276 quamdiu
616 1187 747 1274 spiritus
765 1205 870 1255 manet
891 1215 985 1271 ,non

15 1273 25 1368 '3
74 1281 112 1344 sit
135 1279 344 1368 intelligentia
366 1277 554 1364 praeditus,
584 1294 620 1340 ut
644 1297 763 1362 corpus
788 1325 800 1356 ,
826 1282 979 1367 quamdiu

15 1479 25 1554 ᾗ.
76 1455 127 1520 tol
141 1457 181 1523 itt.
194 1475 283 1522 certa
297 1477 314 1520 a
340 1455 453 1520 tellure
475 1455 622 1518 distantia
639 1456 850 1538 constituatur
864 1482 876 1538 r¹
890 1461 984 1546 quod

73 1389 193 1455 corpus
206 1383 311 1434 manet
323 1377 408 1445 ,iton
422 1367 486 1430 sita
500 1367 609 1452 spiritu
624 1365 815 1432 distinctum.
831 1369 877 1432 At
889 1373 979 1458 quod

15 1530 25 1630 r
77 1561 164 1612 certa
188 1543 323 1632 periodo
343 1559 458 1609 tertam
474 1542 619 1607 'illustret
636 1569 644 1604 s
660 1541 748 1628 quod
766 1547 983 1634 praescriptus

15 1631 25 1728 L.
79 1653 259 1721 corporum
271 1632 456 1698 coelestium
470 1631 551 1696 ordo
568 1676 577 1708 ‚
592 1629 717 1695 iubente
735 1631 806 1695 Deo
826 1677 835 1710 ,
852 1654 985 1724 suspen,

15 1775 24 1817 g

80 1721 177 1789 'datur
190 1738 289 1811 atque
303 1720 448 1787 turbetur
460 1746 468 1782 s
482 1721 572 1807 quod
584 1739 701 1802 corpus
712 1720 841 1804 aliquod
854 1743 982 1793 movea-

15 1819 47 1888 ἱ.
81 1825 135 1877 tut
151 1810 205 1878 vel
216 1811 357 1897 quiescat
371 1835 379 1873 r
392 1808 481 1895 quod
497 1807 593 1876 homo
606 1808 743 1871 inlitmus
760 1809 798 1872 sit
814 1811 863 1875 vel
879 1831 984 1896 sanus,

15 1895 19 1982 J
81 1917 234 1966 mortuus
254 1916 309 1965 aut
323 1897 436 1975 vivus3
461 1898 536 1965 tales
552 1895 681 1964 effectus
698 1897 858 1973 adrerum
874 1921 986 1968 essen.

15 1991 21 2070 ζ
80 1990 156 2057 tiam
185 2008 257 2054 non
288 1985 458 2075 pertinent.
1011 2009 1013 2014 ·

147 2079 267 2163 Neque
282 2092 388 2142 retunt
405 2075 559 2142 essentiae
572 2073 732 2140 contraria
744 2087 817 2154 sunt
829 2075 976 2162 miracula

17 2164 21 2243 ζ
84 2187 234 2254 quaeest
261 2181 368 2230 sancta
398 2165 555 2250 scriptura
579 2160 686 2228 adfert
709 2163 857 2246 spinosa.
890 2129 995 2244 0qu

83 2254 168 2344 ignit
181 2253 244 2318 vim
256 2251 464 2318 comburendi
475 2251 626 2329 amiserit,
640 2266 672 2315 et
690 2251 822 2323 iuvenes
840 2249 991 2326 hebraeos

15 2343 19 2420 ζ
83 2343 117 2408 in
133 2341 265 2410 fornace
279 2341 414 2408 intactos
432 2341 610 2427 reliquerit:
625 2337 714 2426 quod
730 2359 852 2426 corpus
869 2343 995 2422 nullutn¹
1056 2407 1058 2412 ,

84 2429 253 2582 gqavitatis
280 2433 401 2520 signum
419 2429 641 2504 demonstret,
660 2427 704 2490 ita
726 2449 823 2514 quum
842 2429 989 2506 Christus

123 2521 246 2585 ominus
259 2539 355 2609 super
371 2521 468 2606 aquas
486 2517 681 2593 atnbulavit3
698 2515 774 2580 haec
789 2535 820 2598 ςῑ
834 2518 891 2584 alia
908 2523 992 2594 simi.

15 2601 20 2684 ’ζ
85 2607 127 2672 iia
141 2607 349 2676 immutabiles
367 2629 473 2674 tetum
487 2608 639 2672 essentias
655 2605 779 2672 minime
792 2607 994 2690 pettuibanq.

15 2687 19 2776 ,’
88 2693 218 2762 Etenim
243 2695 330 2762 Deus
347 2716 528 2784 temperate
545 2696 596 2760 vei
613 2695 725 2760 sistere
739 2697 867 2758 omnino
884 2706 994 2783 potuie

15 2781 17 2866 ζ
88 2785 251 2871 ignearum
268 2785 495 2870 particularum
516 2802 636 2854 motum
653 2782 870 2870 ,quicumque
886 2789 943 2867 sit,
958 2795 994 2864 ῐῃ,

15 2933 16 2940 ,
54 2869 59 2882 ’
88 2893 157 2958 quo
181 2873 328 2938 consistit
353 2874 433 2962 ignis
463 2875 576 2950 aeti03
603 2870 662 2936 sub
692 2871 992 2956 pedibushotninig

15 3019 17 3052 l

15 2959 16 2962 ’
85 2981 203 3046 ,aquarn
214 2964 265 3027 vel
277 2961 544 3031 a'e'temindutare
559 2961 664 3050 potuit
676 2959 763 3029 Deus
777 2961 991 3046 omnipotens.

92 3047 249 3140 Quamvis
272 3069 376 3121 autent
392 3049 502 3124 divina
517 3049 596 3120 baec
613 3049 755 3139 prodigia
784 3047 991 3136 essentiatum

620 3136 715 3216 ᾧ,
