2264 3420
190 179 234 248 70
418 171 424 181 “
451 172 637 224 susrtrvr.
675 175 807 232 sartos.

185 248 302 325 malis,
323 245 625 334 quse'circularibus
647 243 788 310 incisuris
811 243 1066 330 distinguuntur,

185 339 384 402 transversim
401 331 568 412 secentur,
585 334 722 423 singulae
743 333 869 398 illorum
898 331 1067 418 partes'ad

185 441 261 488 scus
278 445 469 512 puncturam
487 441 540 488 aut
554 424 643 488 aliam
660 441 896 511 quamcumque
912 421 1067 488 irritatio-

187 513 1068 601 nemratiismodistorqueniuretagitantur3acproin·

189 589 342 688 dentibus
351 606 486 666 sentiunt
496 599 714 674 sinecetebro;
724 623 799 689 ergo
812 621 866 686 per
875 599 1064 686 analogiam,

184 711 271 778 quae
283 691 422 756 estinter
437 711 575 778 corpora
588 689 723 753 hominis
735 709 766 754 et
781 688 886 765 bruti,
908 688 994 753 idem
1019 691 1064 754 di·

187 779 324 842 cendum
345 796 391 844 ert
413 779 454 846 de
475 779 613 843 homine.
641 779 739 863 Resp.
770 777 814 842 N.
838 797 931 840 cons.
952 797 983 842 et
999 799 1064 865 par.

182 868 262 933 ·Alia
274 873 354 932 enim
366 884 413 934 est
425 869 567 954 corporis
583 866 709 931 humani
722 883 880 931 structura
894 911 904 943 ,
928 867 988 929 alia
1003 889 1062 932 ser·

188 972 321 1044 pentum
335 957 366 1022 ei
382 961 589 1033 lacertarum,
601 954 756 1042 inquibus
767 953 925 1020 medullae
940 955 1058 1042 spinalis

190 1063 295 1131 partes
307 1047 494 1110 considerati
506 1065 637 1130 possunt
648 1065 808 1131 tamquam
821 1042 964 1108 totidem
977 1044 1061 1106 minu

192 1155 226 1200 ra
237 1135 365 1200 cerebra
377 1161 386 1199 ε
400 1134 471 1197 hinc
485 1134 540 1210 fit,
553 1151 587 1196 ut
604 1149 707 1219 partes
719 1132 865 1222 corporis
878 1130 1010 1195 humaui
1020 1152 1064 1198 re-

186 1238 297 1310 sectae
316 1240 390 1310 post
409 1221 626 1289 brevissimum
648 1241 776 1310 tempus
792 1221 878 1286 omui
901 1239 997 1286 motu
1013 1220 1065 1286 de·

187 1329 377 1375 sumantur.

261 1400 386 1466 Obiter.
408 1417 436 1484 ς.
452 1396 615 1466 Incertum
627 1396 756 1462 omnino
770 1415 817 1476 est
831 1441 841 1476 ‚
855 1419 895 1462 an
909 1415 1016 1474 motus
1027 1409 1064 1460 et

187 1507 315 1576 organo
333 1485 473 1554 sensorio
487 1491 526 1554 ad
541 1489 706 1555 cerebrum
726 1506 923 1574 propagetur
941 1485 1066 1550 fibrilla-

195 1597 263 1640 tum
273 1597 464 1664 ¹rtervearum
475 1576 671 1642 oscillatione
688 1621 698 1652 ,
722 1597 761 1638 an
778 1575 863 1638 fluidi
883 1577 996 1641 nervei
1017 1592 1066 1638 aut

194 1667 361 1817 {phimum
373 1667 549 1730 animalium
564 1687 647 1751 ope,
664 1665 772 1728 analio
785 1657 994 1750 quocumque
1011 1685 1067 1726 mu

222 1753 278 1830 ος4
294 1777 368 1844 ergo
393 1774 498 1818 motus
517 1755 557 1818 ab
583 1751 713 1819 obiectis
729 1749 828 1817 nervis
851 1754 1002 1821 sensoriis
1017 1755 1067 1815 im·

196 1857 323 1929 pressus
335 1841 656 1926 adcerebrumusque
670 1858 949 1943 nonpropagatur.
971 1841 1068 1926 Resp.

197 1934 348 2018 permitto
359 1949 423 1995 ant.
452 1949 482 1994 et
501 1932 544 1993 N.
560 1951 645 1994 cous.
668 1929 750 1994 Heic
765 1950 828 1994 non
842 1928 1067 2016 investigamus

198 2019 330 2105 modum
345 2063 355 2096 ,
371 2039 442 2104 *quo
466 2017 516 2083 illa
542 2039 646 2100 motus
669 2017 859 2106 propagatio
886 2017 1068 2082 absolvitur:

200 2111 273 2168 satis
297 2117 343 2171 est
371 2107 491 2172 ratione
515 2125 610 2192 atque
639 2108 830 2194 experientia
844 2125 1019 2186 constare,
1043 2107 1070 2168 iu

198 2215 320 2284 organo
341 2197 479 2260 sensorio
495 2213 617 2262 motum
637 2193 807 2280 quemdam
833 2194 991 2270 subitari,
1012 2194 1070 2280 qui

199 2283 242 2349 'ad
256 2282 420 2350 cerebrum
434 2305 535 2371 usque
550 2305 717 2349 nervorum
732 2283 849 2347 auxilio
863 2300 1070 2372 propagatur,

113 2373 118 2384 '
190 2367 276 2437 'dum
305 2375 403 2452 anima
424 2374 526 2438 sentit.
555 2371 677 2438 Eodem
696 2370 793 2435 modo
816 2370 1070 2458 respondendum

177 2458 272 2550 sest,
294 2463 318 2524 si
339 2462 408 2548 quis
421 2522 423 2530 s
435 2460 589 2538 obiiciat,
612 2483 629 2524 a
653 2461 744 2524 nobis
768 2459 896 2548 intelligi
913 2481 979 2521 non
1004 2479 1073 2546 pos·

201 2569 261 2630 se,
286 2571 350 2634 qua
373 2549 492 2614 ratione
519 2550 582 2612 fieti
604 2563 727 2636 queat,
754 2567 789 2612 ut
806 2567 939 2634 propter
955 2566 1072 2611 motum

188 2635 305 2722 'nerv'is
321 2637 503 2722 impressum
518 2637 618 2700 anima
631 2681 640 2713 ,
654 2659 736 2722 quae
749 2656 795 2699 est
809 2635 984 2698 substantia
998 2636 1072 2717 sim-

228 2725 277 2786 ler
296 2740 327 2786 et
344 2725 531 2810 spiritualis,
556 2725 707 2812 percipiat
732 2722 891 2789 obiectum
917 2724 1070 2788 sensibile.

157 2825 160 2832 '
178 2889 181 2894 Ι
199 2745 422 2900 -ἓεοῐυῒῃὴεῐο
438 2813 623 2890 statuimus,
642 2814 793 2875 rationem
807 2809 878 2874 facti
890 2833 955 2874 non
972 2834 1072 2900 quae·

194 2889 435 2962 ‘'rimus-Porro
451 2899 602 2970 aduersus
626 2897 709 2965 facta
727 2899 905 2964 indubitata
919 2897 1074 2964 obscurae

204 2986 400 3073 obiectiones
416 3007 479 3048 non
495 2985 612 3050 valent.
821 3010 822 3013 ¹

193 3092 195 3096 '
212 3083 238 3144 :1¹
269 3069 448 3142 Oeneus.
470 3071 535 3146 Qui
551 3095 671 3160 organo
694 3072 833 3154 sensorio
846 3069 1074 3164 destituuntur,
