2298 3418
262 156 346 206 unns
368 157 427 202 nr.
451 131 607 200 toero'es.
631 155 707 202 ont.
724 155 749 202 1.
854 159 913 228 ¹9¹

7 235 8 316 l
67 229 162 296 dum
190 245 237 294 est
265 223 417 292 contineri
450 223 510 288 sub
538 224 642 300 cmni,
670 225 709 291 de
737 241 804 314 quo
832 247 922 313 prae-

68 320 220 385 dicatum
249 317 328 381 illud
356 331 510 400 negatur,
540 316 668 378 evidens
693 332 740 380 est
771 317 921 402 praemie-

70 429 188 472 sarum
221 427 316 470 unam
353 403 467 468 debere
506 423 572 468 esse
605 399 848 483 affirmativam,
884 425 921 472 ac

100 495 218 562 roinde
240 514 408 580 utramque
433 513 497 554 noo
525 511 615 576 posse
639 511 707 557 esse
731 491 921 580 negativam.

7 619 8 622 ¹
72 519 118 648 ἓ.
149 607 183 673 g.
212 583 328 668 siquis
351 583 395 646 ita
419 599 675 668 argumentatore
700 577 813 646 nullut
833 583 922 650 homo

72 691 127 740 est
141 667 341 737 immortalis
347 692 362 748 ,·
377 666 502 735 nullum
516 670 647 734 brutum
658 685 708 734 ert
719 668 833 748 honro,·
846 693 921 762 ergo

7 821 8 826 ,
73 760 211 827 nullum
233 762 364 826 brutum
387 773 435 823 ete
458 753 641 822 immortale
647 779 663 834 ;
678 761 922 844 consequentiae

74 852 125 915 vis
138 850 228 913 nulla
236 867 284 914 est
291 894 303 927 ,
313 867 342 911 et
351 847 373 910 si
384 868 493 912 omnes
503 845 738 933 propositiones
747 867 838 915 verae
847 847 920 918 sint.

126 935 239 1008 Vlll.
285 935 315 1001 Si
343 957 406 1002 una
434 933 672 1024 praemissarum
699 931 791 999 fuerit
820 958 920 1028 nega-

7 1069 8 1078 .
76 1027 174 1104 tiva,
199 1024 363 1090 conclusio
385 1045 517 1112 quoque
541 1023 686 1112 negativa
709 1041 766 1088 est.
797 1023 920 1092 Etenim

78 1116 129 1180 de
160 1111 305 1178 subiecto
325 1113 442 1200 aliquid
463 1116 641 1202 negandum
663 1127 732 1191 ert,
754 1115 827 1198 quia
850 1137 924 1182 con·

79 1203 209 1268 sinetur
235 1199 293 1266 rub
317 1223 356 1268 eo
372 1203 475 1278 omni,
498 1203 538 1268 de
562 1223 628 1288 quo
647 1199 859 1288 praedicatum
881 1207 923 1270 il-

82 1292 145 1357 lud
168 1309 295 1377 negatur
309 1313 324 1368 ,·
347 1291 401 1356 sed
424 1289 601 1379 propositio
615 1291 687 1369 illa',
704 1311 786 1378 quae
802 1293 924 1382 aliquid

84 1381 127 1447 de
151 1379 300 1445 subiecto
324 1397 440 1468 negat,
469 1401 509 1445 eo
535 1377 625 1468 quod
646 1377 820 1444 subiectum
843 1403 925 1448 con·

84 1471 226 1534 tineatur
260 1467 319 1532 sub
352 1469 456 1547 omni,
479 1467 518 1534 de
547 1489 613 1552 quo
641 1467 857 1556 praedicatum
881 1471 925 1534 il·

84 1557 145 1624 lud
172 1577 326 1646 negatur,
349 1576 397 1622 est
422 1557 584 1622 conclusio
595 1578 610 1632 ,·
630 1575 755 1623 ceterae
780 1558 928 1647 proposi·

86 1645 212 1724 tiones,
249 1643 363 1730 quibus
401 1645 484 1712 idem
514 1663 645 1734 negatur
670 1645 711 1712 de
746 1644 853 1724 omni,
894 1663 926 1714 et

87 1733 206 1822 quibus
229 1733 401 1800 allirmatur
428 1733 601 1798 subiectum
627 1731 686 1800 sub
714 1732 798 1796 omni
822 1735 926 1799 conti·

89 1825 176 1903 neri,
193 1841 265 1886 sunt
288 1821 497 1908 praemissaec
522 1845 597 1911 ergo
614 1824 638 1887 si
655 1843 716 1890 una
733 1823 925 1911 praemissa·

89 1934 158 1979 rum
186 1911 332 2000 negativa
359 1928 430 1992 est,
459 1913 623 1977 conclusio
648 1933 777 2003 quoque
799 1917 925 2005 negari·

91 2019 129 2066 vs
158 2021 226 2066 esse
257 1999 352 2065 debet

134 2087 195 2154 lX.
252 2085 420 2154 Praemissa
467 2086 663 2174 particularis
706 2105 762 2154 aut
803 2091 928 2179 negati·

91 2199 132 2244 va
159 2178 273 2242 dicitur
297 2199 379 2263 pars
403 2173 543 2242 debilior·
568 2175 825 2261 praemissarum.
856 2179 928 2244 Hac

92 2285 198 2332 autern
222 2265 403 2330 definitione
424 2265 547 2342 posita,
574 2261 661 2327 facile
683 2265 928 2346 demonstratur,

94 2347 269 2443 iyllogismi
290 2353 524 2418 conclusionem
550 2371 671 2439 semper
696 2355 783 2442 sequi
809 2373 930 2441 partem

95 2443 289 2510 debiliorem.
313 2441 342 2506 si
368 2441 447 2506 enim
474 2461 536 2504 una
559 2441 797 2525 praemissarum
828 2445 930 2532 perti·

95 2530 205 2597 culatis
229 2547 296 2609 est,
322 2527 486 2594 conclusio
501 2549 627 2614 quoque
644 2533 702 2596 erit
719 2532 930 2622 particulatim·

98 2621 120 2685 ti
143 2642 204 2684 nna
225 2620 467 2705 praemissarum
489 2617 654 2705 negativa,
672 2623 834 2686 conclusio
849 2643 931 2709 quo·

97 2731 156 2797 que
183 2709 328 2794 negativa
353 2726 427 2782 est;
452 2708 507 2772 sed
533 2709 695 2788 praemissa
724 2713 932 2796 particularis,

98 2817 128 2863 tt
152 2796 297 2884 negativa
324 2813 396 2860 sunt
412 2817 494 2881 pars
519 2795 654 2860 debilior
663 2817 677 2871 ,·
703 2811 779 2887 ergo
805 2801 933 2866 conclu·

100 2887 142 2950 rio
169 2904 290 2972 partem
315 2881 503 2949 debiliorem
531 2885 685 2973 sequitur.
