2270 3416
138 155 140 159 ,
295 101 383 150 unas
406 98 437 147 11
460 98 624 146 uanam.
649 97 776 146 cama.
926 97 986 168 ης

83 191 165 252 netu
187 186 223 238 et
251 171 393 236 lininium
423 167 658 258 particularium
692 165 1016 250 subordinationem3'

10 258 16 333 ζ
90 257 185 326 Deus
201 260 355 347 triplicem
376 257 459 324 hanc
483 257 644 324 scientiam
657 253 754 323 habet
773 257 803 322 in
818 258 915 346 gradu
933 257 995 324 ab·

9 413 15 423 ,
93 348 202 414 solute
217 370 338 414 summo
355 364 388 413 et
411 344 683 436 perfectissimam.
708 343 817 424 Quare
846 348 997 435 sapientia

0 435 3 444 '
94 435 160 512 Dei
176 455 222 504 esr
242 437 415 515 illinitum,
439 435 581 514 infinita,
605 451 636 498 et
663 453 736 500 cum
763 457 799 500 ea
822 435 999 526 comparari

8 528 15 603 .'
94 545 162 590 uon
188 543 295 614 potest
312 525 463 612 snpientia
479 523 555 588 entis
571 517 657 588 liniti.
830 585 833 595 ,

6 684 13 703 ,
170 611 287 702 Itaque
310 613 401 680 Deus
417 611 493 674 nihil
509 611 597 690 vult,
624 607 764 700 nihilque
782 606 856 676 facit
879 609 998 698 absque
1042 645 1045 650 ·

1 708 14 784 ’ζ
40 731 43 738 ·
96 701 168 768 fine.
199 701 317 782 Finis,
337 723 430 789 quem
458 699 547 766 Deus
572 697 737 778 intendit,
762 697 867 765 Deum
893 702 996 786 ipsum

0 795 1 798 ’
98 788 236 856 maxime
252 790 368 870 decet,
386 788 523 874 nihilque
538 785 613 854 sacit
627 783 754 853 frustra.
770 787 894 854 Etenim
908 787 998 856 Deus

101 878 352 966 sapientissimus
369 894 435 957 est,
451 877 505 944 sed
520 877 680 964 sapientis
691 891 740 942 est
752 896 850 964 attere
860 895 999 967 propter
1060 957 1063 965 Ι

86 963 220 1051 finem,
236 990 293 1034 nec
316 963 405 1034 uelle·
421 963 601 1056 quidquam
620 967 742 1054 absque
758 949 849 1047 fine,
875 987 914 1030 ex
937 968 997 1034 de·

5 1049 15 1092 ‘³
103 1054 245 1120 finitione
263 1055 451 1142 sapientiae,
478 1075 553 1157 erpo
576 1052 664 1118 Deus
688 1052 765 1118 nihil
788 1053 878 1128 vult,
905 1055 999 1122 nihil·

100 1164 165 1230 que
189 1138 260 1208 facit
283 1145 402 1230 absque
417 1143 488 1208 fine.
504 1141 554 1206 Ex
572 1141 682 1206 eadem
696 1141 878 1208 definitione
892 1161 995 1226 patet,

3 1252 5 1255 ’
100 1231 218 1310 finem,
233 1253 327 1320 quem
345 1232 430 1296 Deus
452 1228 509 1294 sibi
530 1228 695 1294 constituit
708 1275 717 1310 ,
732 1228 832 1297 talem
855 1250 920 1299 esse
937 1233 999 1299 de.

1 1325 11 1348 '¹
101 1317 200 1398 bere,
227 1339 263 1384 ut
283 1319 390 1384 Deum
414 1317 548 1384 maxime
571 1317 693 1384 deceat.
713 1317 857 1384 Tandem
884 1319 999 1410 liquet,

1 1431 10 1441 ¹·
102 1405 211 1473 Deum
228 1405 303 1472 nilril
320 1404 423 1473 facere
438 1404 552 1472 frustra
560 1429 570 1485 ;
587 1426 686 1493 quum
710 1403 823 1472 frustra
845 1409 923 1494 quid
949 1407 1001 1476 fa-

5 1491 9 1499 ’
102 1517 175 1572 cere
189 1495 329 1574 dicatur,
347 1494 400 1584 qui
416 1495 466 1561 vel
480 1493 568 1560 nullo
582 1496 642 1560 fine
664 1493 698 1559 id
723 1492 819 1573 facit,
840 1496 891 1562 vel
913 1495 1000 1580 facit,

103 1583 194 1670 quod
230 1583 284 1650 lini
322 1582 548 1672 consequendo
583 1604 648 1648 non
679 1578 821 1662 sufficit,
850 1599 904 1648 aut
932 1607 998 1672 nou

102 1671 271 1738 conducit.
350 1689 352 1697 ’
983 1742 988 1764 ,p

112 1837 121 1844 a
172 1757 275 1850 lgirur
296 1761 384 1826 Deus
399 1757 513 1826 malum
535 1779 598 1825 non
613 1757 702 1840 vult,
728 1780 785 1826 nec
813 1757 891 1826 illud
913 1780 999 1830 ram-

104 1870 199 1934 quant
217 1851 309 1916 linem
324 1849 486 1917 intendere
501 1864 620 1936 potest.
642 1847 715 1916 Deo
737 1847 819 1913 enim
842 1853 999 1941 competit

104 1937 252 2018 uoluntas
267 1941 385 2026 optima
408 1960 462 2004 seu
488 1938 519 2004 in
539 1937 638 2026 gradu
662 1937 808 2004 absolute
831 1960 951 2004 summo
966 1958 999 2010 et

105 2023 229 2114 absque
243 2027 304 2090 ulla
320 2023 571 2114 imperfectionet
587 2025 643 2092 sed
655 2028 824 2091 voluntatis
838 2025 1000 2116 imperfec·

104 2114 153 2178 tio
169 2131 216 2180 est
223 2162 234 2193 ,
249 2116 274 2180 si
290 2115 320 2178 in
337 2115 450 2180 malum
475 2111 546 2180 ferri
562 2116 680 2202 possit3
707 2114 794 2180 Deus
815 2114 907 2204 igitur
935 2141 1002 2186 ma-

1 2205 3 2241 ⁷
105 2201 173 2268 lum
190 2225 254 2266 non
270 2202 357 2281 vult,
375 2225 412 2268 ac
427 2202 558 2290 proinde
571 2202 650 2268 illud
671 2222 830 2288 tamquam
847 2209 1004 2272 finemiu-
1049 2259 1053 2266 .

1 2303 2 2306 ’
61 2311 64 2316 ’
106 2289 240 2357 tendere
251 2292 373 2382 nequit.
390 2289 535 2358 Absurde
549 2291 644 2380 igitur
660 2299 693 2356 et'
706 2291 841 2379 superbe
854 2317 902 2373 ea,
920 2317 1003 2381 quae

90 2377 144 2465 ‘in
172 2381 290 2444 mundo
315 2381 524 2475 contingunt,
553 2380 731 2446 existimant
757 2377 879 2466 profani
904 2400 1003 2470 atque
1096 2419 1098 2421 ·

109 2463 198 2554 impli
226 2462 385 2544 homines,
411 2490 484 2533 cum
510 2469 660 2555 sapientia
691 2467 863 2554 ceterisque
891 2471 1002 2546 divinis

109 2555 254 2642 attributis
281 2557 442 2622 conciliari
463 2577 527 2622 non
551 2577 666 2643 posse,
689 2579 727 2622 eo
751 2557 840 2643 quod
862 2557 923 2647 ipsi
938 2583 1004 2628 nou

110 2644 262 2726 videant,
287 2665 349 2732 qua
371 2647 488 2710 rarione
511 2646 728 2726 concilientur.
754 2646 879 2713 Etenim
904 2646 1021 2736 quum

111 2733 287 2810 scientiane
302 2732 598 2819 sapientiahumana
614 2734 674 2799 sint
691 2733 862 2813 limitatae3
878 2735 1005 2802 evidens

113 2840 180 2900 est,
206 2823 270 2886 lieri
295 2827 360 2886 non
377 2845 470 2910 poste
479 2868 489 2898 ,
504 2839 539 2885 ut
553 2819 649 2886 homo
666 2823 742 2886 sciat
757 2821 788 2886 in
804 2826 947 2912 singulari
965 2829 1006 2888 ri-

111 2931 170 2974 nes
193 2931 319 2989 omnes,
338 2932 419 2996 qnos
435 2909 491 2972 sibi
519 2908 607 2976 Deus
622 2912 803 2989 con-stituit,
821 2916 923 2977 omnia
940 2937 1007 2978 me-

113 2995 187 3076 dia,
216 3021 299 3086 quae
315 2999 356 3062 ad
379 3000 456 3092 fines
476 2996 545 3064 illos
568 2997 776 3082 conducunt,
799 3017 829 3068 et
856 3019 956 3068 totam
972 3001 1008 3078 ᾗ·
1088 3013 1089 3016 ’
