2298 3418
216 183 301 232 esus
322 183 380 231 m.
406 177 573 232 soosous.
598 183 676 232 our.
700 182 727 232 ι.
838 185 902 264 ¹92

306 293 586 367 ARTICVLVS
616 293 663 363 Π.

124 425 181 499 Ds
202 394 330 522 regulis
346 428 609 520 syllogismorum
625 428 841 520 specialibus.

62 629 201 785 Figura
227 697 403 786 syllogismi
429 711 475 762 est
497 693 666 784 dispositio
687 694 812 762 termini
835 719 905 765 me·
969 763 971 770 ,

55 781 94 848 dii
110 807 188 857 cum
207 787 357 854 extremis
379 787 409 850 in
429 803 565 871 utraque
588 787 784 937 praemissa,
816 809 904 874 qua-

55 889 149 938 tenus
179 876 306 942 medius
330 875 482 940 terminus
507 873 539 938 in
566 874 585 936 il
600 875 623 937 is
654 889 702 937 est
733 875 904 962 praedica·

56 976 123 1026 tum
156 965 213 1028 vel
240 962 431 1032 subiectum.
463 961 567 1032 Vnde
595 977 750 1049 quattuor
779 979 904 1030 rantum

57 1071 129 1116 esse
143 1071 282 1138 possunt
298 1051 555 1142 syllogismorum
572 1051 701 1138 figurae.
732 1049 816 1115 Nam
832 1075 905 1117 me·

56 1137 131 1202 dius
159 1141 312 1206 terminus
343 1143 394 1207 vel
422 1157 468 1206 est
496 1137 672 1204 subiectum
698 1138 748 1204 vel
772 1140 904 1225 praedi·

57 1245 171 1292 catum
193 1230 224 1292 in
252 1247 387 1318 utraque
413 1229 612 1317 praemissa,
641 1225 693 1294 vel
723 1225 904 1294 subiectum

59 1315 88 1379 in
104 1336 190 1395 una,
215 1336 247 1382 et
263 1317 481 1406 praedicatum
496 1317 526 1380 in
542 1317 651 1381 altera.
682 1312 812 1405 Figura
825 1321 904 1405 pri-

57 1425 114 1470 mu
144 1404 266 1470 dicitur
293 1409 323 1471 in
348 1427 412 1494 qua
433 1405 553 1471 medius
579 1402 728 1469 terminus
751 1421 798 1470 est
821 1405 903 1470 sub·

58 1490 181 1558 iectum
206 1493 436 1582 propositionis
463 1493 606 1573 maioris,
631 1507 665 1558 et
688 1493 906 1578 praedicatum

64 1583 209 1648 minoris.
245 1581 377 1673 Figura
412 1579 557 1648 secundo
583 1623 594 1659 ,
624 1580 656 1644 in
687 1599 751 1666 qua
784 1579 908 1646 medius

63 1673 220 1736 terminus
246 1689 296 1738 est
311 1669 537 1761 ,praedicatum
561 1668 727 1754 utriusque
754 1669 912 1756 praemis.

65 1779 128 1824 sae.
159 1755 293 1848 Figura
317 1763 446 1838 tertia,
472 1760 502 1822 in
518 1779 583 1846 qua
612 1755 731 1822 medius
755 1755 910 1824 terminus

66 1844 97 1910 in
126 1864 269 1934 utraque
294 1848 466 1936 praemissa
487 1865 536 1913 est
562 1843 754 1912 subiectum.
780 1841 912 1934 Figura

67 1935 208 2021 denique
230 1953 382 2026 quarta,
413 1936 446 2000 in
468 1956 531 2022 qua
556 1934 677 2000 medius
698 1934 848 2000 terminus
864 1953 911 2003 est

69 2025 292 2112 praedicatum
322 2023 449 2090 maioris
464 2071 477 2104 ,
507 2040 540 2091 et
566 2021 742 2088 subiectum
770 2023 914 2091 minoris,

132 2113 330 2202 Exemplum
349 2133 379 2178 1.-
399 2113 537 2202 figuraes
552 2108 680 2177 nullum
696 2124 847 2176 creatum
863 2127 915 2178 est¹

67 2199 235 2285 infinitum
246 2225 261 2278 ;
291 2199 354 2268 secl
382 2206 483 2268 omnis
517 2195 657 2288 augelus
686 2211 735 2262 est
764 2215 914 2278 creatus,·

68 2311 146 2379 ergo
172 2287 284 2358 nullus
312 2287 453 2381 angelus
480 2303 530 2354 est
558 2283 720 2372 infinitus.
912 2365 914 2372 Α

28 2401 31 2405 ·
140 2398 171 2442 2.
201 2379 340 2466 figurae:
373 2375 499 2445 uullum
519 2389 692 2462 peccatum
708 2368 917 2455 sollicitum·

74 2463 139 2532 sed
152 2463 271 2555 aliqua
288 2465 465 2534 oblectatio
485 2479 536 2531 est
552 2461 679 2540 licitu;
709 2482 786 2552 ergo
799 2459 919 2554 aliqua

73 2552 250 2622 oblectatio
279 2572 341 2621 uois
369 2569 420 2621 esi
445 2567 632 2644 peccatum.

140 2665 174 2732 3⁶
201 2644 343 2732 figuraes
361 2645 450 2708 omme
465 2643 655 2732 mysterium
671 2635 853 2706 revelatum
870 2655 920 2709 est

66 2730 246 2815 obscurum
261 2755 276 2810 ;
308 2731 373 2798 sed
403 2753 491 2796 omne
520 2731 710 2818 mysterium
739 2729 922 2797 revelatum

75 2833 125 2884 err
151 2819 309 2900 cereum
340 2837 418 2909 ergo
444 2816 586 2911 aliquod
612 2832 738 2884 certum
766 2832 817 2882 err
843 2823 921 2888 obs-

77 2927 204 2973 ererum.
523 2955 525 2961 ,
879 2935 882 2942 ·

121 2991 260 3067 Tomi.
548 3027 549 3030 ¹
616 2991 654 3058 N
