2298 3418
228 181 294 272 198
470 193 655 246 sosarnus.
685 195 816 246 unicos.

227 267 490 340 denominationis
525 269 606 334 ratio
635 282 728 356 patet
758 287 798 333 ex
833 263 1075 354 significatione

227 355 632 450 quattuorvocaliumA,
664 353 722 434 E,
749 352 791 435 I,
821 355 850 420 O
862 376 878 432 ς
905 377 1028 444 nempe
1043 359 1075 422 in

227 448 361 538 primafi
385 467 440 510 ura
455 445 542 512 modi
558 442 840 522 suntA‚A,A;
863 440 921 524 E,
942 445 1000 526 A,
1021 445 1077 525 133

228 537 261 604 A
272 583 282 617 ,
293 535 330 616 Ι,
370 533 432 612 ,·E
443 578 453 615 ,
464 533 502 615 I,
515 533 665 612 O.Quod
676 531 804 621 quidem
815 553 854 598 ex
866 531 1080 599 demonstra-

228 625 269 692 tis
295 623 490 690 manifestum
514 639 574 689 est.
602 620 642 688 ln
666 621 714 684 his
743 619 906 687 vocabulis
924 623 1078 690 invenire

183 744 188 759 x
230 731 345 803 putant
362 712 481 801 aliqui,
498 711 586 798 quod
603 712 746 788 rideant;
765 709 822 776 sed
835 711 1005 798 praecipiti
1022 713 1081 777 ni·

230 804 287 866 mis
308 802 435 867 iudicio.
463 802 537 866 Nos
564 822 643 867 vero
672 799 856 866 eorumdem
883 799 1080 866 vocabulo·

232 913 303 957 rum
323 912 411 956 usum
428 890 563 957 maxime
578 889 845 956 commendamus.
876 882 920 969 Et
936 888 1079 977 quidem

230 981 359 1068 ,nomina
382 980 435 1046 illa
458 979 668 1045 universalem
692 977 791 1044 ueluti
819 976 954 1066 linguam
983 979 1079 1066 apud

233 1067 354 1158 logicos
377 1068 602 1147 constituunt,
634 1084 666 1134 et
689 1064 839 1154 speciales
863 1063 1078 1154 syllogismo-

235 1179 305 1223 rum
327 1159 449 1245 regulas
471 1155 575 1221 statim
598 1155 789 1243 exprimunt.
818 1153 859 1221 ld
881 1175 987 1220 autern
1013 1155 1078 1222 de·

235 1245 310 1312 inde
341 1245 488 1333 exemplo
520 1243 763 1332 explicabimus.
998 1295 1001 1304 .

281 1335 332 1405 V.
380 1331 419 1399 ln
441 1333 579 1400 secunda
597 1335 695 1421 figura
720 1331 819 1398 maior
839 1343 887 1396 est
909 1331 1082 1399 universa·

238 1421 302 1503 lis,
331 1439 364 1488 et
388 1422 551 1488 conclusio
581 1421 747 1511 negativa,
774 1419 910 1506 ideoque
938 1441 1009 1485 una
1034 1443 1079 1488 ex

264 1514 413 1579 resmissis
439 1511 593 1602 negativa.
621 1510 714 1578 Modi
730 1532 807 1576 vero
829 1527 903 1574 sunt
921 1527 1081 1595 quattuor

238 1535 288 1666 iis
313 1599 492 1667 nominibus
523 1600 689 1688 expressi,
719 1621 853 1676 cesare,
883 1615 1078 1678 camestres,

230 1689 385 1773 festino,
410 1695 536 1758 boroso.
566 1687 691 1768 Quibus
729 1687 856 1775 quidem
895 1687 1076 1751 nominibus

236 1799 305 1843 non
323 1799 411 1844 secus
429 1799 466 1842 ac
489 1781 519 1842 in
539 1779 635 1864 prima
659 1779 756 1867 figura
778 1774 971 1864 significatur
991 1797 1076 1864 qua·

239 1866 310 1936 litas
327 1884 358 1930 et
379 1866 537 1952 quantitas
558 1866 824 1954 propositionum.
856 1863 994 1930 Evidens
1011 1885 1075 1928 au·
1127 1925 1130 1932 .

242 1970 304 2018 tem
327 1969 400 2030 est,
428 1953 511 2018 duos
530 1953 652 2042 priores
676 1957 788 2020 modos
809 1950 917 2018 reduci
939 1952 980 2018 ad
1001 1973 1076 2018 mo·

241 2042 321 2107 dum
345 2039 491 2108 celarent
512 2043 544 2116 in
571 2044 670 2130 prima
695 2044 817 2132 figura,
846 2057 878 2106 et
893 2040 975 2106 duos
995 2063 1075 2128 pos·
1137 2047 1138 2118 l

244 2131 373 2196 teriores
399 2133 440 2196 ad
461 2131 598 2196 'modurn
612 2129 724 2213 ferio,
753 2130 901 2196 maiorem
925 2130 1074 2218 proposi·
1118 2175 1121 2181 -

191 2261 193 2265 ,
244 2221 364 2288 tionem
388 2219 606 2287 convertendo
632 2219 664 2285 in
689 2220 779 2285 aliam
801 2217 1073 2306 aequipollentem,
1137 2225 1138 2290 l

246 2307 335 2396 quod
353 2310 502 2398 exemplis
518 2310 671 2376 illustrare
687 2310 759 2376 satis
775 2309 856 2374 erit:
880 2305 1004 2380 nullum
1017 2329 1074 2372 es·

247 2411 373 2466 sensnm
402 2415 452 2464 est
477 2397 704 2476 indivisibile,⁸
735 2396 797 2464 sed
820 2398 921 2462 omnis
943 2400 1074 2485 spiritus
1137 2371 1138 2462 i

247 2501 297 2552 est
313 2483 523 2552 indivisibilis
533 2508 549 2565 ‚·
579 2508 653 2576 ergo
673 2485 785 2552 nullus
793 2490 936 2572 'spiritus
953 2500 1000 2550 est
1014 2509 1073 2550 err-
1137 2479 1138 2558 i

238 2573 370 2639 sensus.
396 2574 701 2663 Syllogisnrus'hic,
752 2577 782 2638 ui
806 2575 837 2636 in
863 2573 960 2637 modo
985 2595 1071 2638 cesa·
1137 2561 1138 2656 i

244 2683 286 2727 re
310 2660 450 2742 dicitur,
475 2663 667 2730 admodum
693 2599 839 2729 ociorem
868 2663 899 2726 in
924 2660 1017 2749 prima
1035 2661 1072 2738 lq
1137 2663 1138 2732 i

233 2761 328 2840 rgu'ra
351 2751 536 2830 reducitur,
562 2753 586 2816 si
614 2754 687 2817 loco
711 2753 858 2820 maioris:
881 2751 999 2821 nullum
1019 2773 1071 2816 ex·
1137 2751 1138 2834 l

192 2839 197 2850 ‘
249 2861 374 2910 tensum
389 2859 436 2907 est
455 2839 667 2919 indivisibile,
696 2839 774 2908 haec
795 2839 999 2906 substituatur
1021 2861 1071 2906 no·-
1137 2841 1138 2848 ’
