<?xml version="1.0" encoding="UTF-8"?>
<!DOCTYPE html PUBLIC "-//W3C//DTD XHTML 1.0 Transitional//EN"
    "http://www.w3.org/TR/xhtml1/DTD/xhtml1-transitional.dtd">
<html xmlns="http://www.w3.org/1999/xhtml" xml:lang="en" lang="en">
 <head>
  <title>
</title>
<meta http-equiv="Content-Type" content="text/html;charset=utf-8" />
  <meta name='ocr-system' content='tesseract 3.04.00' />
  <meta name='ocr-capabilities' content='ocr_page ocr_carea ocr_par ocr_line ocrx_word'/>
</head>
<body>
  <div class='ocr_page' id='page_1' title='image "./institutionesph00jacqgoog_0490.png"; bbox 0 0 2264 3420; ppageno 0'>
   <div class='ocr_carea' id='block_1_1' title="bbox 38 140 1051 3050">
    <p class='ocr_par' dir='ltr' id='par_1_1' title="bbox 38 140 1051 3050">
     <span class='ocr_line' id='line_1_1' title="bbox 148 140 939 230; baseline -0.001 -24"><span class='ocrx_word' id='word_1_1' title='bbox 148 213 151 220; x_wconf 54' lang='grc'><strong>,</strong></span> <span class='ocrx_word' id='word_1_2' title='bbox 249 145 390 206; x_wconf 79' lang='lat' dir='ltr'>rnas&#39;rt</span> <span class='ocrx_word' id='word_1_3' title='bbox 420 155 576 212; x_wconf 75' lang='lat' dir='ltr'>urrann.</span> <span class='ocrx_word' id='word_1_4' title='bbox 604 156 679 205; x_wconf 80' lang='lat' dir='ltr'>cnr.</span> <span class='ocrx_word' id='word_1_5' title='bbox 707 159 750 207; x_wconf 91' lang='grc' dir='ltr'>ιι.</span> <span class='ocrx_word' id='word_1_6' title='bbox 898 140 939 230; x_wconf 76' lang='lat'>83</span> 
     </span>
     <span class='ocr_line' id='line_1_2' title="bbox 38 228 942 316; baseline 0 -24"><span class='ocrx_word' id='word_1_7' title='bbox 38 228 132 305; x_wconf 75' lang='lat' dir='ltr'>bet,</span> <span class='ocrx_word' id='word_1_8' title='bbox 148 247 207 292; x_wconf 89' lang='lat' dir='ltr'>cur</span> <span class='ocrx_word' id='word_1_9' title='bbox 226 228 425 315; x_wconf 65' lang='lat' dir='ltr'>intersertas</span> <span class='ocrx_word' id='word_1_10' title='bbox 453 229 522 294; x_wconf 86' lang='lat' dir='ltr'>illas</span> <span class='ocrx_word' id='word_1_11' title='bbox 534 235 586 296; x_wconf 84' lang='lat' dir='ltr'>&#39;tet</span> <span class='ocrx_word' id='word_1_12' title='bbox 603 249 666 294; x_wconf 87' lang='lat' dir='ltr'>una</span> <span class='ocrx_word' id='word_1_13' title='bbox 685 229 794 316; x_wconf 72' lang='lat' dir='ltr'>potius</span> <span class='ocrx_word' id='word_1_14' title='bbox 817 242 942 294; x_wconf 89' lang='lat' dir='ltr'>tecnrat</span> 
     </span>
     <span class='ocr_line' id='line_1_3' title="bbox 49 316 944 406; baseline 0.004 -28"><span class='ocrx_word' id='word_1_15' title='bbox 49 316 92 378; x_wconf 85' lang='lat' dir='ltr'>itt</span> <span class='ocrx_word' id='word_1_16' title='bbox 121 323 356 382; x_wconf 74' lang='lat' dir='ltr'>mentem··&#39;ct1m</span> <span class='ocrx_word' id='word_1_17' title='bbox 385 339 418 382; x_wconf 90' lang='lat' dir='ltr'>re</span> <span class='ocrx_word' id='word_1_18' title='bbox 443 330 517 382; x_wconf 81' lang='lat' dir='ltr'>actu</span> <span class='ocrx_word' id='word_1_19' title='bbox 546 333 721 406; x_wconf 90' lang='lat' dir='ltr'>percepta,</span> <span class='ocrx_word' id='word_1_20' title='bbox 750 335 846 406; x_wconf 82' lang='lat' dir='ltr'>quam</span> <span class='ocrx_word' id='word_1_21' title='bbox 872 316 944 382; x_wconf 86' lang='lat' dir='ltr'>alia.</span> 
     </span>
     <span class='ocr_line' id='line_1_4' title="bbox 51 403 945 494; baseline 0.003 -26"><span class='ocrx_word' id='word_1_22' title='bbox 51 403 166 468; x_wconf 83' lang='lat' dir='ltr'>Nulla</span> <span class='ocrx_word' id='word_1_23' title='bbox 182 415 284 470; x_wconf 84' lang='lat' dir='ltr'>autem</span> <span class='ocrx_word' id='word_1_24' title='bbox 300 405 382 470; x_wconf 89' lang='lat' dir='ltr'>ta&#39;tio</span> <span class='ocrx_word' id='word_1_25' title='bbox 406 423 475 471; x_wconf 89' lang='lat' dir='ltr'>esse</span> <span class='ocrx_word' id='word_1_26' title='bbox 498 422 624 492; x_wconf 87' lang='lat' dir='ltr'>potest,</span> <span class='ocrx_word' id='word_1_27' title='bbox 645 427 739 494; x_wconf 87' lang='lat' dir='ltr'>quam</span> <span class='ocrx_word' id='word_1_28' title='bbox 761 406 850 494; x_wconf 89' lang='lat' dir='ltr'>quod</span> <span class='ocrx_word' id='word_1_29' title='bbox 863 406 945 471; x_wconf 74' lang='lat' dir='ltr'>illius</span> 
     </span>
     <span class='ocr_line' id='line_1_5' title="bbox 56 491 946 584; baseline 0.004 -28"><span class='ocrx_word' id='word_1_30' title='bbox 56 491 132 570; x_wconf 85' lang='lat' dir='ltr'>tei,</span> <span class='ocrx_word' id='word_1_31' title='bbox 156 496 288 578; x_wconf 88' lang='lat' dir='ltr'>quaein</span> <span class='ocrx_word' id='word_1_32' title='bbox 313 510 448 559; x_wconf 83' lang='lat' dir='ltr'>mentem</span> <span class='ocrx_word' id='word_1_33' title='bbox 473 510 662 572; x_wconf 88' lang='lat' dir='ltr'>revocatur,</span> <span class='ocrx_word' id='word_1_34' title='bbox 687 494 855 584; x_wconf 80' lang='lat' dir='ltr'><strong>perceptio</strong></span> <span class='ocrx_word' id='word_1_35' title='bbox 872 515 946 560; x_wconf 88' lang='lat' dir='ltr'>sae·</span> 
     </span>
     <span class='ocr_line' id='line_1_6' title="bbox 56 579 947 671; baseline 0.006 -28"><span class='ocrx_word' id='word_1_36' title='bbox 56 581 134 669; x_wconf 86' lang='lat' dir='ltr'>pius</span> <span class='ocrx_word' id='word_1_37' title='bbox 156 581 208 650; x_wconf 90' lang='lat' dir='ltr'>vel</span> <span class='ocrx_word' id='word_1_38' title='bbox 232 581 353 656; x_wconf 86' lang='lat' dir='ltr'>diutius</span> <span class='ocrx_word' id='word_1_39' title='bbox 378 582 548 646; x_wconf 86' lang='lat' dir='ltr'>coriiuncta</span> <span class='ocrx_word' id='word_1_40' title='bbox 571 579 664 648; x_wconf 87' lang='lat' dir='ltr'>fuerit</span> <span class='ocrx_word' id='word_1_41' title='bbox 679 603 752 648; x_wconf 87' lang='lat' dir='ltr'>cunr</span> <span class='ocrx_word' id='word_1_42' title='bbox 767 582 947 671; x_wconf 89' lang='lat' dir='ltr'>perceptio·</span> 
     </span>
     <span class='ocr_line' id='line_1_7' title="bbox 56 668 945 758; baseline 0.007 -26"><span class='ocrx_word' id='word_1_43' title='bbox 56 685 122 746; x_wconf 86' lang='lat' dir='ltr'>ne,</span> <span class='ocrx_word' id='word_1_44' title='bbox 150 689 246 754; x_wconf 92' lang='lat' dir='ltr'>quarn</span> <span class='ocrx_word' id='word_1_45' title='bbox 276 689 351 734; x_wconf 89' lang='lat' dir='ltr'>actu</span> <span class='ocrx_word' id='word_1_46' title='bbox 373 669 537 750; x_wconf 76' lang='lat' dir='ltr'>habemns.</span> <span class='ocrx_word' id='word_1_47' title='bbox 565 668 657 736; x_wconf 83' lang='lat' dir='ltr'>Idem</span> <span class='ocrx_word' id='word_1_48' title='bbox 682 671 811 758; x_wconf 76' lang='lat' dir='ltr'>pateti</span> <span class='ocrx_word' id='word_1_49' title='bbox 840 688 945 758; x_wconf 83' lang='lat' dir='ltr'>poste·</span> 
     </span>
     <span class='ocr_line' id='line_1_8' title="bbox 56 755 946 845; baseline 0 -23"><span class='ocrx_word' id='word_1_50' title='bbox 56 755 150 822; x_wconf 88' lang='lat' dir='ltr'>riori.</span> <span class='ocrx_word' id='word_1_51' title='bbox 181 759 211 821; x_wconf 83' lang='lat' dir='ltr'>st</span> <span class='ocrx_word' id='word_1_52' title='bbox 237 756 550 845; x_wconf 68' lang='lat' dir='ltr'>obiectum‘ttliquod</span> <span class='ocrx_word' id='word_1_53' title='bbox 570 759 675 836; x_wconf 87' lang='lat' dir='ltr'>vides,</span> <span class='ocrx_word' id='word_1_54' title='bbox 700 758 778 822; x_wconf 89' lang='lat' dir='ltr'>illud</span> <span class='ocrx_word' id='word_1_55' title='bbox 794 759 847 824; x_wconf 90' lang='lat' dir='ltr'>diu</span> <span class='ocrx_word' id='word_1_56' title='bbox 863 779 946 822; x_wconf 90' lang='lat' dir='ltr'>con-</span> 
     </span>
     <span class='ocr_line' id='line_1_9' title="bbox 55 843 946 934; baseline 0.003 -25"><span class='ocrx_word' id='word_1_57' title='bbox 55 843 247 930; x_wconf 87' lang='lat' dir='ltr'>templaris,</span> <span class='ocrx_word' id='word_1_58' title='bbox 275 849 314 911; x_wconf 85' lang='lat' dir='ltr'>nt&#39;</span> <span class='ocrx_word' id='word_1_59' title='bbox 333 847 546 932; x_wconf 69' lang='lat' dir='ltr'>perceptionis</span> <span class='ocrx_word' id='word_1_60' title='bbox 573 847 655 909; x_wconf 92' lang='lat' dir='ltr'>illius</span> <span class='ocrx_word' id='word_1_61' title='bbox 681 847 792 912; x_wconf 83' lang='lat' dir='ltr'>iterum</span> <span class='ocrx_word' id='word_1_62' title='bbox 818 846 946 934; x_wconf 90' lang='lat' dir='ltr'>produ-</span> 
     </span>
     <span class='ocr_line' id='line_1_10' title="bbox 54 932 946 1020; baseline 0.004 -25"><span class='ocrx_word' id='word_1_63' title='bbox 54 933 185 997; x_wconf 87' lang='lat' dir='ltr'>cendae</span> <span class='ocrx_word' id='word_1_64' title='bbox 202 932 381 999; x_wconf 70' lang='lat' dir='ltr'>facilitatem</span> <span class='ocrx_word' id='word_1_65' title='bbox 396 933 651 1020; x_wconf 75' lang='lat' dir='ltr'>tilii&#39;compares3</span> <span class='ocrx_word' id='word_1_66' title='bbox 669 935 763 998; x_wconf 89' lang='lat' dir='ltr'>immo</span> <span class='ocrx_word' id='word_1_67' title='bbox 777 933 818 1000; x_wconf 87' lang='lat' dir='ltr'>ab</span> <span class='ocrx_word' id='word_1_68' title='bbox 832 937 946 1000; x_wconf 87' lang='lat' dir='ltr'>endem</span> 
     </span>
     <span class='ocr_line' id='line_1_11' title="bbox 57 1020 946 1111; baseline 0.002 -27"><span class='ocrx_word' id='word_1_69' title='bbox 57 1020 946 1111; x_wconf 82' lang='lat' dir='ltr'>obiectodigressusplranta‘smataviimaginationis&#39;con·</span> 
     </span>
     <span class='ocr_line' id='line_1_12' title="bbox 63 1108 948 1198; baseline 0.002 -26"><span class='ocrx_word' id='word_1_70' title='bbox 63 1129 195 1185; x_wconf 82' lang='lat' dir='ltr'>servas,</span> <span class='ocrx_word' id='word_1_71' title='bbox 217 1126 249 1175; x_wconf 91' lang='lat' dir='ltr'>et</span> <span class='ocrx_word' id='word_1_72' title='bbox 277 1111 375 1176; x_wconf 85' lang='lat' dir='ltr'>aciem</span> <span class='ocrx_word' id='word_1_73' title='bbox 397 1112 561 1176; x_wconf 84' lang='lat' dir='ltr'>merr&#39;tisin</span> <span class='ocrx_word' id='word_1_74' title='bbox 587 1108 700 1176; x_wconf 85' lang='lat' dir='ltr'>eodem</span> <span class='ocrx_word' id='word_1_75' title='bbox 722 1111 948 1198; x_wconf 88' lang='lat' dir='ltr'>contemplan-</span> 
     </span>
     <span class='ocr_line' id='line_1_13' title="bbox 65 1195 981 1294; baseline 0.001 -32"><span class='ocrx_word' id='word_1_76' title='bbox 65 1196 117 1262; x_wconf 85' lang='lat' dir='ltr'>do</span> <span class='ocrx_word' id='word_1_77' title='bbox 146 1195 251 1262; x_wconf 89' lang='lat' dir='ltr'>adhuc</span> <span class='ocrx_word' id='word_1_78' title='bbox 281 1198 409 1288; x_wconf 80' lang='lat' dir='ltr'>defigis,</span> <span class='ocrx_word' id='word_1_79' title='bbox 432 1214 469 1262; x_wconf 92' lang='lat' dir='ltr'>ut</span> <span class='ocrx_word' id='word_1_80' title='bbox 498 1197 639 1264; x_wconf 85' lang='lat' dir='ltr'>eiusdem</span> <span class='ocrx_word' id='word_1_81' title='bbox 667 1197 782 1264; x_wconf 91' lang='lat' dir='ltr'>obiecti</span> <span class='ocrx_word' id='word_1_82' title='bbox 799 1195 947 1264; x_wconf 62' lang='lat' dir='ltr'>&#39;absentis</span> <span class='ocrx_word' id='word_1_83' title='bbox 974 1257 981 1294; x_wconf 51' lang='lat' dir='ltr'><em>s</em></span> 
     </span>
     <span class='ocr_line' id='line_1_14' title="bbox 62 1283 1019 1376; baseline 0 -26"><span class='ocrx_word' id='word_1_84' title='bbox 62 1287 310 1373; x_wconf 81' lang='lat' dir='ltr'>perceptionem</span> <span class='ocrx_word' id='word_1_85' title='bbox 327 1289 535 1374; x_wconf 86' lang='lat' dir='ltr'>inposterum</span> <span class='ocrx_word' id='word_1_86' title='bbox 551 1287 726 1374; x_wconf 87' lang='lat' dir='ltr'>producere</span> <span class='ocrx_word' id='word_1_87' title='bbox 743 1287 862 1352; x_wconf 86' lang='lat' dir='ltr'>valeas.</span> <span class='ocrx_word' id='word_1_88' title='bbox 882 1283 946 1376; x_wconf 88' lang='lat' dir='ltr'>Igi-</span> <span class='ocrx_word' id='word_1_89' title='bbox 1015 1309 1019 1318; x_wconf 83' lang='grc'><strong>’</strong></span> 
     </span>
     <span class='ocr_line' id='line_1_15' title="bbox 59 1371 947 1464; baseline 0.007 -28"><span class='ocrx_word' id='word_1_90' title='bbox 59 1391 123 1444; x_wconf 51' lang='lat' dir='ltr'>¹tur</span> <span class='ocrx_word' id='word_1_91' title='bbox 139 1371 268 1438; x_wconf 80' lang='lat' dir='ltr'>facilitas</span> <span class='ocrx_word' id='word_1_92' title='bbox 284 1375 484 1464; x_wconf 75' lang='lat' dir='ltr'>producendi</span> <span class='ocrx_word' id='word_1_93' title='bbox 501 1377 722 1463; x_wconf 82' lang='lat' dir='ltr'>perceptiones</span> <span class='ocrx_word' id='word_1_94' title='bbox 739 1397 840 1440; x_wconf 88' lang='lat' dir='ltr'>rernm</span> <span class='ocrx_word' id='word_1_95' title='bbox 855 1395 947 1442; x_wconf 86' lang='lat' dir='ltr'>antea</span> 
     </span>
     <span class='ocr_line' id='line_1_16' title="bbox 61 1464 947 1550; baseline 0.002 -24"><span class='ocrx_word' id='word_1_96' title='bbox 61 1477 290 1548; x_wconf 81' lang='lat' dir='ltr'>perceptarum</span> <span class='ocrx_word' id='word_1_97' title='bbox 313 1475 392 1528; x_wconf 86' lang='lat' dir='ltr'>cum¹</span> <span class='ocrx_word' id='word_1_98' title='bbox 405 1465 460 1539; x_wconf 86' lang='lat' dir='ltr'>iit,</span> <span class='ocrx_word' id='word_1_99' title='bbox 475 1484 557 1550; x_wconf 89' lang='lat' dir='ltr'>quae</span> <span class='ocrx_word' id='word_1_100' title='bbox 570 1483 654 1526; x_wconf 89' lang='lat' dir='ltr'>nunc</span> <span class='ocrx_word' id='word_1_101' title='bbox 669 1465 868 1550; x_wconf 86' lang='lat' dir='ltr'>percipimus,</span> <span class='ocrx_word' id='word_1_102' title='bbox 882 1464 947 1528; x_wconf 88' lang='lat' dir='ltr'>ad-</span> 
     </span>
     <span class='ocr_line' id='line_1_17' title="bbox 62 1549 947 1638; baseline 0.001 -25"><span class='ocrx_word' id='word_1_103' title='bbox 62 1549 220 1638; x_wconf 88' lang='lat' dir='ltr'>quiritur,</span> <span class='ocrx_word' id='word_1_104' title='bbox 247 1551 323 1616; x_wconf 89' lang='lat' dir='ltr'>dunt</span> <span class='ocrx_word' id='word_1_105' title='bbox 339 1571 385 1616; x_wconf 81' lang='lat' dir='ltr'>res</span> <span class='ocrx_word' id='word_1_106' title='bbox 406 1555 530 1638; x_wconf 84' lang='lat' dir='ltr'>saepius</span> <span class='ocrx_word' id='word_1_107' title='bbox 552 1552 601 1616; x_wconf 86' lang='lat' dir='ltr'>vel</span> <span class='ocrx_word' id='word_1_108' title='bbox 619 1550 672 1615; x_wconf 91' lang='lat' dir='ltr'>diu</span> <span class='ocrx_word' id='word_1_109' title='bbox 699 1552 766 1618; x_wconf 87' lang='lat' dir='ltr'>sive</span> <span class='ocrx_word' id='word_1_110' title='bbox 782 1573 875 1616; x_wconf 88' lang='lat' dir='ltr'>sensu</span> <span class='ocrx_word' id='word_1_111' title='bbox 901 1552 947 1614; x_wconf 87' lang='lat' dir='ltr'>si-</span> 
     </span>
     <span class='ocr_line' id='line_1_18' title="bbox 61 1639 949 1727; baseline 0.002 -27"><span class='ocrx_word' id='word_1_112' title='bbox 61 1660 108 1703; x_wconf 86' lang='lat' dir='ltr'>ve</span> <span class='ocrx_word' id='word_1_113' title='bbox 122 1639 341 1727; x_wconf 80' lang='lat' dir='ltr'>imaginatione</span> <span class='ocrx_word' id='word_1_114' title='bbox 363 1640 453 1703; x_wconf 84' lang='lat' dir='ltr'>simul</span> <span class='ocrx_word' id='word_1_115' title='bbox 467 1640 708 1726; x_wconf 87' lang='lat' dir='ltr'>percipiuntur.</span> <span class='ocrx_word' id='word_1_116' title='bbox 725 1639 835 1717; x_wconf 86' lang='lat' dir='ltr'>Quare</span> <span class='ocrx_word' id='word_1_117' title='bbox 856 1640 879 1704; x_wconf 87' lang='lat' dir='ltr'>si</span> <span class='ocrx_word' id='word_1_118' title='bbox 898 1658 949 1704; x_wconf 84' lang='lat' dir='ltr'>tet</span> 
     </span>
     <span class='ocr_line' id='line_1_19' title="bbox 64 1727 949 1818; baseline 0.006 -31"><span class='ocrx_word' id='word_1_119' title='bbox 64 1727 175 1814; x_wconf 89' lang='lat' dir='ltr'>plures</span> <span class='ocrx_word' id='word_1_120' title='bbox 200 1729 322 1814; x_wconf 89' lang='lat' dir='ltr'>saepius</span> <span class='ocrx_word' id='word_1_121' title='bbox 336 1729 387 1793; x_wconf 87' lang='lat' dir='ltr'>vel</span> <span class='ocrx_word' id='word_1_122' title='bbox 401 1727 456 1792; x_wconf 86' lang='lat' dir='ltr'>diu</span> <span class='ocrx_word' id='word_1_123' title='bbox 471 1729 704 1816; x_wconf 85' lang='lat' dir='ltr'>percipiantur,</span> <span class='ocrx_word' id='word_1_124' title='bbox 731 1727 851 1794; x_wconf 87' lang='lat' dir='ltr'>illarum</span> <span class='ocrx_word' id='word_1_125' title='bbox 868 1747 949 1818; x_wconf 86' lang='lat' dir='ltr'>pet-</span> 
     </span>
     <span class='ocr_line' id='line_1_20' title="bbox 66 1815 950 1905; baseline 0.006 -27"><span class='ocrx_word' id='word_1_126' title='bbox 66 1815 234 1902; x_wconf 83' lang='lat' dir='ltr'>ceptiones</span> <span class='ocrx_word' id='word_1_127' title='bbox 257 1817 336 1881; x_wconf 89' lang='lat' dir='ltr'>inter</span> <span class='ocrx_word' id='word_1_128' title='bbox 358 1837 394 1882; x_wconf 82' lang='lat' dir='ltr'>ee</span> <span class='ocrx_word' id='word_1_129' title='bbox 407 1836 661 1896; x_wconf 89' lang='lat' dir='ltr'>connectuntur,</span> <span class='ocrx_word' id='word_1_130' title='bbox 683 1837 737 1884; x_wconf 86' lang='lat' dir='ltr'>seu</span> <span class='ocrx_word' id='word_1_131' title='bbox 753 1839 792 1882; x_wconf 85' lang='lat' dir='ltr'>ex</span> <span class='ocrx_word' id='word_1_132' title='bbox 809 1837 950 1905; x_wconf 88' lang='lat' dir='ltr'>percep-</span> 
     </span>
     <span class='ocr_line' id='line_1_21' title="bbox 67 1903 949 1994; baseline 0 -28"><span class='ocrx_word' id='word_1_133' title='bbox 67 1903 155 1968; x_wconf 88' lang='lat' dir='ltr'>tione</span> <span class='ocrx_word' id='word_1_134' title='bbox 174 1904 265 1968; x_wconf 85' lang='lat' dir='ltr'>unius</span> <span class='ocrx_word' id='word_1_135' title='bbox 286 1903 472 1994; x_wconf 82' lang='lat' dir='ltr'>intelligitur</span> <span class='ocrx_word' id='word_1_136' title='bbox 493 1904 592 1981; x_wconf 91' lang='lat' dir='ltr'>ratio,</span> <span class='ocrx_word' id='word_1_137' title='bbox 610 1925 666 1974; x_wconf 89' lang='lat' dir='ltr'>cur</span> <span class='ocrx_word' id='word_1_138' title='bbox 681 1904 880 1993; x_wconf 87' lang='lat' dir='ltr'>producatur</span> <span class='ocrx_word' id='word_1_139' title='bbox 896 1903 949 1968; x_wconf 90' lang='lat' dir='ltr'>al-</span> 
     </span>
     <span class='ocr_line' id='line_1_22' title="bbox 66 1990 949 2082; baseline 0.002 -28"><span class='ocrx_word' id='word_1_140' title='bbox 66 2007 151 2056; x_wconf 87' lang='lat' dir='ltr'>teta.</span> <span class='ocrx_word' id='word_1_141' title='bbox 176 1990 288 2078; x_wconf 89' lang='lat' dir='ltr'>Itaque</span> <span class='ocrx_word' id='word_1_142' title='bbox 310 1993 333 2056; x_wconf 89' lang='lat' dir='ltr'>si</span> <span class='ocrx_word' id='word_1_143' title='bbox 358 2013 397 2058; x_wconf 84' lang='lat' dir='ltr'>ex</span> <span class='ocrx_word' id='word_1_144' title='bbox 423 2013 485 2057; x_wconf 89' lang='lat' dir='ltr'>una</span> <span class='ocrx_word' id='word_1_145' title='bbox 511 1997 718 2080; x_wconf 86' lang='lat' dir='ltr'>perceptione</span> <span class='ocrx_word' id='word_1_146' title='bbox 740 1995 771 2074; x_wconf 76' lang='lat' dir='ltr'>ri</span> <span class='ocrx_word' id='word_1_147' title='bbox 792 1992 949 2082; x_wconf 87' lang='lat' dir='ltr'>imagina-</span> 
     </span>
     <span class='ocr_line' id='line_1_23' title="bbox 69 2077 948 2169; baseline 0.002 -27"><span class='ocrx_word' id='word_1_148' title='bbox 69 2077 167 2143; x_wconf 90' lang='lat' dir='ltr'>tionis</span> <span class='ocrx_word' id='word_1_149' title='bbox 192 2079 390 2167; x_wconf 89' lang='lat' dir='ltr'>producatut</span> <span class='ocrx_word' id='word_1_150' title='bbox 413 2081 577 2169; x_wconf 85' lang='lat' dir='ltr'>perceptio</span> <span class='ocrx_word' id='word_1_151' title='bbox 601 2083 718 2159; x_wconf 82' lang='lat' dir='ltr'>altera,</span> <span class='ocrx_word' id='word_1_152' title='bbox 734 2103 863 2150; x_wconf 87' lang='lat' dir='ltr'>necesse</span> <span class='ocrx_word' id='word_1_153' title='bbox 887 2096 948 2158; x_wconf 86' lang='lat' dir='ltr'>est,</span> 
     </span>
     <span class='ocr_line' id='line_1_24' title="bbox 71 2167 1013 2256; baseline 0.002 -24"><span class='ocrx_word' id='word_1_154' title='bbox 71 2167 203 2233; x_wconf 84' lang='lat' dir='ltr'>ntidea</span> <span class='ocrx_word' id='word_1_155' title='bbox 229 2171 410 2246; x_wconf 87' lang='lat' dir='ltr'>materialis,</span> <span class='ocrx_word' id='word_1_156' title='bbox 431 2191 511 2255; x_wconf 87' lang='lat' dir='ltr'>quae</span> <span class='ocrx_word' id='word_1_157' title='bbox 536 2171 653 2254; x_wconf 88' lang='lat' dir='ltr'>primae</span> <span class='ocrx_word' id='word_1_158' title='bbox 679 2169 873 2256; x_wconf 88' lang='lat' dir='ltr'>perceptioni</span> <span class='ocrx_word' id='word_1_159' title='bbox 894 2190 951 2234; x_wconf 87' lang='lat' dir='ltr'>re·</span> <span class='ocrx_word' id='word_1_160' title='bbox 1011 2207 1013 2210; x_wconf 94' lang='lat'>·</span> 
     </span>
     <span class='ocr_line' id='line_1_25' title="bbox 73 2255 1012 2344; baseline 0.004 -25"><span class='ocrx_word' id='word_1_161' title='bbox 73 2255 230 2340; x_wconf 88' lang='lat' dir='ltr'>spondet,</span> <span class='ocrx_word' id='word_1_162' title='bbox 243 2258 356 2322; x_wconf 89' lang='lat' dir='ltr'>iterum</span> <span class='ocrx_word' id='word_1_163' title='bbox 377 2259 469 2323; x_wconf 85' lang='lat' dir='ltr'>etiam</span> <span class='ocrx_word' id='word_1_164' title='bbox 486 2257 646 2344; x_wconf 87' lang='lat' dir='ltr'>producat</span> <span class='ocrx_word' id='word_1_165' title='bbox 659 2258 749 2320; x_wconf 87' lang='lat' dir='ltr'>aliam</span> <span class='ocrx_word' id='word_1_166' title='bbox 764 2257 863 2321; x_wconf 87' lang='lat' dir='ltr'>ideam</span> <span class='ocrx_word' id='word_1_167' title='bbox 879 2277 951 2318; x_wconf 88' lang='lat' dir='ltr'>nta-</span> <span class='ocrx_word' id='word_1_168' title='bbox 1010 2317 1012 2323; x_wconf 83' lang='grc'>.</span> 
     </span>
     <span class='ocr_line' id='line_1_26' title="bbox 71 2343 953 2436; baseline 0.003 -30"><span class='ocrx_word' id='word_1_169' title='bbox 71 2343 215 2409; x_wconf 88' lang='lat' dir='ltr'>terialem</span> <span class='ocrx_word' id='word_1_170' title='bbox 237 2345 326 2411; x_wconf 84' lang='lat' dir='ltr'>alteri</span> <span class='ocrx_word' id='word_1_171' title='bbox 345 2345 549 2436; x_wconf 78' lang='lat' dir='ltr'>perceptioni</span> <span class='ocrx_word' id='word_1_172' title='bbox 571 2345 678 2410; x_wconf 88' lang='lat' dir='ltr'>denuo</span> <span class='ocrx_word' id='word_1_173' title='bbox 699 2344 873 2429; x_wconf 89' lang='lat' dir='ltr'>productae</span> <span class='ocrx_word' id='word_1_174' title='bbox 896 2364 953 2409; x_wconf 86' lang='lat' dir='ltr'>re·</span> 
     </span>
     <span class='ocr_line' id='line_1_27' title="bbox 76 2431 1051 2520; baseline 0 -24"><span class='ocrx_word' id='word_1_175' title='bbox 76 2431 298 2520; x_wconf 87' lang='lat' dir='ltr'>spondentem.</span> <span class='ocrx_word' id='word_1_176' title='bbox 329 2434 360 2496; x_wconf 88' lang='lat' dir='ltr'>Si</span> <span class='ocrx_word' id='word_1_177' title='bbox 384 2457 498 2520; x_wconf 89' lang='lat' dir='ltr'>nempe</span> <span class='ocrx_word' id='word_1_178' title='bbox 519 2433 743 2520; x_wconf 82' lang='lat' dir='ltr'>imaginationis</span> <span class='ocrx_word' id='word_1_179' title='bbox 770 2433 863 2496; x_wconf 34' lang='lat' dir='ltr'>tifex</span> <span class='ocrx_word' id='word_1_180' title='bbox 889 2451 952 2496; x_wconf 86' lang='lat' dir='ltr'>una</span> <span class='ocrx_word' id='word_1_181' title='bbox 1050 2507 1051 2510; x_wconf 8' lang='grc' dir='ltr'><strong>Ἴ</strong></span> 
     </span>
     <span class='ocr_line' id='line_1_28' title="bbox 73 2519 953 2610; baseline 0 -24"><span class='ocrx_word' id='word_1_182' title='bbox 73 2520 279 2610; x_wconf 84' lang='lat' dir='ltr'>perceptione</span> <span class='ocrx_word' id='word_1_183' title='bbox 293 2540 437 2587; x_wconf 87' lang='lat' dir='ltr'>nascatur</span> <span class='ocrx_word' id='word_1_184' title='bbox 449 2521 546 2588; x_wconf 83' lang='lat' dir='ltr'>altera</span> <span class='ocrx_word' id='word_1_185' title='bbox 557 2559 567 2600; x_wconf 91' lang='lat'>·,</span> <span class='ocrx_word' id='word_1_186' title='bbox 584 2521 653 2586; x_wconf 86' lang='lat' dir='ltr'>idea</span> <span class='ocrx_word' id='word_1_187' title='bbox 668 2519 849 2600; x_wconf 85' lang='lat' dir='ltr'>materialis,</span> <span class='ocrx_word' id='word_1_188' title='bbox 865 2541 953 2609; x_wconf 80' lang='lat' dir='ltr'>quae</span> 
     </span>
     <span class='ocr_line' id='line_1_29' title="bbox 77 2607 953 2697; baseline 0.001 -25"><span class='ocrx_word' id='word_1_189' title='bbox 77 2607 197 2696; x_wconf 84' lang='lat' dir='ltr'>primae</span> <span class='ocrx_word' id='word_1_190' title='bbox 220 2610 416 2697; x_wconf 86' lang='lat' dir='ltr'>perceptioni</span> <span class='ocrx_word' id='word_1_191' title='bbox 443 2609 633 2696; x_wconf 86' lang='lat' dir='ltr'>respondet,</span> <span class='ocrx_word' id='word_1_192' title='bbox 656 2610 842 2687; x_wconf 83' lang='lat' dir='ltr'>resuscitat,</span> <span class='ocrx_word' id='word_1_193' title='bbox 856 2627 891 2674; x_wconf 90' lang='lat' dir='ltr'>ut</span> <span class='ocrx_word' id='word_1_194' title='bbox 907 2608 953 2673; x_wconf 85' lang='lat' dir='ltr'>ita</span> 
     </span>
     <span class='ocr_line' id='line_1_30' title="bbox 77 2694 953 2784; baseline -0.002 -22"><span class='ocrx_word' id='word_1_195' title='bbox 77 2696 194 2776; x_wconf 85' lang='lat' dir='ltr'>dicam,</span> <span class='ocrx_word' id='word_1_196' title='bbox 214 2697 306 2762; x_wconf 88' lang='lat' dir='ltr'>aliam</span> <span class='ocrx_word' id='word_1_197' title='bbox 330 2698 430 2762; x_wconf 91' lang='lat' dir='ltr'>ideam</span> <span class='ocrx_word' id='word_1_198' title='bbox 447 2694 638 2764; x_wconf 77' lang='lat' dir='ltr'>materialem</span> <span class='ocrx_word' id='word_1_199' title='bbox 661 2717 733 2762; x_wconf 88' lang='lat' dir='ltr'>cum</span> <span class='ocrx_word' id='word_1_200' title='bbox 757 2698 855 2762; x_wconf 85' lang='lat' dir='ltr'>altera</span> <span class='ocrx_word' id='word_1_201' title='bbox 872 2719 953 2784; x_wconf 85' lang='lat' dir='ltr'>per-</span> 
     </span>
     <span class='ocr_line' id='line_1_31' title="bbox 77 2785 952 2870; baseline -0.006 -20"><span class='ocrx_word' id='word_1_202' title='bbox 77 2785 223 2870; x_wconf 89' lang='lat' dir='ltr'>ceptione</span> <span class='ocrx_word' id='word_1_203' title='bbox 244 2787 456 2850; x_wconf 88' lang='lat' dir='ltr'>coniunctam.</span> <span class='ocrx_word' id='word_1_204' title='bbox 482 2788 566 2865; x_wconf 87' lang='lat' dir='ltr'>Quia</span> <span class='ocrx_word' id='word_1_205' title='bbox 592 2785 755 2868; x_wconf 77' lang='lat' dir='ltr'>veroidea</span> <span class='ocrx_word' id='word_1_206' title='bbox 785 2785 952 2850; x_wconf 84' lang='lat' dir='ltr'>materialis</span> 
     </span>
     <span class='ocr_line' id='line_1_32' title="bbox 79 2872 953 2961; baseline -0.006 -24"><span class='ocrx_word' id='word_1_207' title='bbox 79 2873 218 2938; x_wconf 87' lang='lat' dir='ltr'>consistit</span> <span class='ocrx_word' id='word_1_208' title='bbox 241 2876 271 2938; x_wconf 91' lang='lat' dir='ltr'>in</span> <span class='ocrx_word' id='word_1_209' title='bbox 295 2893 404 2951; x_wconf 88' lang='lat' dir='ltr'>motu,</span> <span class='ocrx_word' id='word_1_210' title='bbox 427 2875 481 2961; x_wconf 91' lang='lat' dir='ltr'>qui</span> <span class='ocrx_word' id='word_1_211' title='bbox 503 2873 636 2940; x_wconf 89' lang='lat' dir='ltr'>cerebro</span> <span class='ocrx_word' id='word_1_212' title='bbox 655 2872 863 2959; x_wconf 86' lang='lat' dir='ltr'>imprimitur,</span> <span class='ocrx_word' id='word_1_213' title='bbox 881 2873 953 2934; x_wconf 88' lang='lat' dir='ltr'>hinc</span> 
     </span>
     <span class='ocr_line' id='line_1_33' title="bbox 80 2959 955 3050; baseline -0.009 -24"><span class='ocrx_word' id='word_1_214' title='bbox 80 2979 169 3049; x_wconf 89' lang='lat' dir='ltr'>patet</span> <span class='ocrx_word' id='word_1_215' title='bbox 182 3005 191 3038; x_wconf 92' lang='lat'><strong>,</strong></span> <span class='ocrx_word' id='word_1_216' title='bbox 207 2963 459 3050; x_wconf 83' lang='lat' dir='ltr'>imaginationem</span> <span class='ocrx_word' id='word_1_217' title='bbox 474 2985 492 3028; x_wconf 87' lang='lat' dir='ltr'>a</span> <span class='ocrx_word' id='word_1_218' title='bbox 508 2981 591 3027; x_wconf 87' lang='lat' dir='ltr'>statu</span> <span class='ocrx_word' id='word_1_219' title='bbox 605 2962 725 3028; x_wconf 88' lang='lat' dir='ltr'>cerebri</span> <span class='ocrx_word' id='word_1_220' title='bbox 740 2959 879 3044; x_wconf 87' lang='lat' dir='ltr'>pendere</span> <span class='ocrx_word' id='word_1_221' title='bbox 894 3001 903 3034; x_wconf 91' lang='lat'><strong><em>‚</em></strong></span> <span class='ocrx_word' id='word_1_222' title='bbox 921 2972 955 3018; x_wconf 87' lang='lat' dir='ltr'>et</span> 
     </span>
    </p>
   </div>
   <div class='ocr_carea' id='block_1_2' title="bbox 81 3047 957 3202">
    <p class='ocr_par' dir='ltr' id='par_1_2' title="bbox 81 3047 957 3202">
     <span class='ocr_line' id='line_1_34' title="bbox 81 3047 957 3200; baseline -0.006 -88"><span class='ocrx_word' id='word_1_223' title='bbox 81 3048 191 3114; x_wconf 86' lang='lat' dir='ltr'>morbo</span> <span class='ocrx_word' id='word_1_224' title='bbox 217 3050 350 3117; x_wconf 89' lang='lat' dir='ltr'>cerebro</span> <span class='ocrx_word' id='word_1_225' title='bbox 379 3047 511 3115; x_wconf 84' lang='lat' dir='ltr'>infestos</span> <span class='ocrx_word' id='word_1_226' title='bbox 541 3051 794 3200; x_wconf 52' lang='lat' dir='ltr'>imgrginationern</span> <span class='ocrx_word' id='word_1_227' title='bbox 824 3061 957 3132; x_wconf 79' lang='lat' dir='ltr'>qpoqrte</span> 
     </span>
     <span class='ocr_line' id='line_1_35' title="bbox 611 3159 630 3202; baseline 0 0"><span class='ocrx_word' id='word_1_228' title='bbox 611 3159 630 3202; x_wconf 84' lang='lat' dir='ltr'>a</span> 
     </span>
    </p>
   </div>
   <div class='ocr_carea' id='block_1_3' title="bbox 0 0 1147 3420">
    <p class='ocr_par' dir='ltr' id='par_1_3' title="bbox 0 0 1147 3420">
     <span class='ocr_line' id='line_1_36' title="bbox 0 0 1147 3420; baseline 0 0"><span class='ocrx_word' id='word_1_229' title='bbox 0 0 1147 3420; x_wconf 95' lang='lat' dir='ltr'> </span> 
     </span>
    </p>
   </div>
  </div>
 </body>
</html>
