2326 3438
111 219 129 232 .
178 195 184 232 ¹.
245 169 420 237 ututur.
443 165 615 220 touton.
639 163 715 219 ele.
740 169 771 218 r.
874 169 936 244 ²7¹

105 241 355 336 gumentationis
367 243 595 330 expendemus.
611 242 639 307 Si
651 263 707 330 per
719 233 841 332 aliquot
851 239 941 310 menss

104 341 156 418 ses
182 335 302 396 serrata
330 329 389 397 hac
419 329 574 397 methodo
598 331 787 420 legerimus,
818 349 940 401 summat

108 419 182 487 ¹cum
200 417 396 485 iucunditate
409 417 633 508 experiemur,
660 417 834 485 incredibili
854 441 942 508 qua-r

108 506 180 574 dam
215 507 378 576 celeritate
412 528 449 572 ac
476 505 620 572 facilitate
652 527 710 594 nos
744 506 940 598 distinguere

105 593 151 688 efr'
166 591 252 664 clare
274 595 470 686 intelligere,
497 595 574 682 quid
600 597 631 660 in
661 595 803 685 qualibet
827 599 940 685 petio-

104 683 150 749 do
173 694 357 765 tra'ctetur,
382 706 465 770 quae
492 685 554 750 sint
577 701 760 772 argumenta
785 688 938 768 auctorisj

103 771 192 864 quae
212 795 323 840 eorum
339 773 511 853 validitas,
539 789 635 854 atque
653 793 717 836 non
739 773 941 844 mediocriter

79 857 325 948 'amplificatam
354 861 548 954 intelligendi
573 858 757 928 facultatem
785 863 818 927 in
845 866 943 932 nobie
1010 923 1012 934 .

13 1005 17 1010 .
104 948 181 1040 ipsis
211 953 392 1018 sentiemus.
664 995 667 1000 -
802 999 804 1015 .
873 955 894 978 ’·

150 1035 222 1108 IV.
267 1037 453 1118 Quemlibet
477 1037 645 1106 articulum
673 1034 852 1104 familiarem
880 1061 941 1104 no·
980 1111 982 1116 ,

108 1123 159 1211 bis
189 1125 320 1194 reddere
345 1128 533 1208 debemus,
564 1128 746 1214 priusquam
776 1125 817 1192 ad
842 1126 941 1195 alium
979 1151 982 1158 ·

104 1229 310 1282 transeamus.
329 1217 453 1284 Deinde
467 1218 574 1304 plures
588 1259 597 1295 ,
613 1235 648 1280 ac
663 1213 813 1305 deinceps
829 1234 942 1284 omnes

102 1303 197 1392 primi
212 1303 324 1394 capitis
339 1305 493 1390 articulos
507 1302 706 1370 conferemus
720 1321 751 1372 et
766 1325 942 1394 recognos-

100 1411 237 1482 cemus,
266 1411 303 1460 ut
325 1393 425 1460 torius
451 1395 544 1482 primi
569 1391 711 1480 capitis,
742 1409 773 1458 ct
800 1396 940 1481 partium
979 1407 982 1416 ·

105 1482 244 1546 omnium
268 1498 367 1550 nexus
389 1491 487 1571 'arque
511 1480 593 1547 ordo
619 1481 782 1569 praeclare
797 1497 944 1567 pateant,

105 1585 136 1636 er
169 1567 333 1646 familiares
370 1573 534 1650 evadant,
564 1587 734 1654 antequam
764 1571 941 1636 secundum
967 1628 977 1638 .

104 1660 205 1747 'caput
232 1659 392 1729 adeamus.
424 1659 518 1724 Circa
546 1658 681 1746 singulas
707 1659 810 1742 operis
831 1675 944 1744 partes·
976 1663 977 1668 ’

105 1745 189 1815 idern
220 1745 411 1831 faciendum.
437 1749 625 1826 Vt‘autetn
655 1744 804 1812 certiores
832 1748 940 1828 simus,

101 1857 161 1912 nos
177 1854 327 1906 accurare
346 1836 545 1925 procedere,
575 1834 731 1924 optimum
748 1833 829 1916 etit,
859 1836 941 1902 scri-

104 1921 180 1992 bere
203 1905 337 2014 legendo
359 1925 529 1990 articulum
551 1925 611 1990 iam
633 1923 718 1989 clare
743 1941 941 2012 perceptum,

104 2029 201 2102 atque
215 2031 424 2102 argumenta,
449 2035 530 2100 quae
544 2011 766 2100 complectitur
778 2059 790 2090 ,
812 2017 842 2078 in
858 2037 941 2100 pau.

101 2121 140 2167 ea
167 2123 305 2191 cogere,
336 2121 368 2168 er
396 2102 428 2166 in
454 2103 566 2168 charta
588 2119 710 2164 notare.
740 2100 804 2174 Sub
829 2102 940 2186 primis

102 2188 283 2256 studiorum
305 2191 425 2274 initiis,
455 2189 538 2274 facta
557 2191 710 2274 cuiusque
731 2189 850 2251 articuli
874 2191 940 2254 dis·
976 2237 977 2240 ,
1016 2259 1018 2278 .

101 2278 251 2345 cursione
266 2323 277 2359 ,
302 2279 417 2344 servari
433 2278 528 2344 debet
542 2277 724 2342 utilissimus
739 2274 788 2339 hic
802 2275 941 2343 scriben-

102 2367 135 2434 di
151 2367 289 2447 modus,
320 2367 568 2456 sed'postqua'm
591 2364 742 2430 exercitio
763 2363 861 2428 maius
883 2386 942 2429 ro-

96 2454 164 2521 bur
193 2457 407 2545 maioremque
437 2453 622 2520 facilitatem
652 2453 738 2518 meus
768 2473 942 2540 compara·

103 2545 210 2624 serit,
235 2546 353 2632 integra
369 2545 473 2634 capita
489 2543 642 2608 continuo
661 2544 786 2630 legere,
816 2562 854 2606 ac
865 2563 941 2630 pos·-

103 2649 157 2701 rea
170 2630 339 2700 scribendo
359 2631 547 2698 contrahere
564 2633 744 2722 poterimus
761 2674 771 2708 ,
798 2645 831 2696 et
846 2631 941 2698 dein-

104 2721 146 2788 de
181 2718 394 2790 crescentibus
432 2737 557 2810 semper
597 2716 831 2808 cognitionibus
867 2723 942 2786 viri.

101 2809 229 2899 busque
244 2812 357 2902 ingenii
375 2855 385 2889 ,
408 2813 543 2876 auctoris
557 2803 804 2900 cogitationibus
817 2827 938 2891 nostrae

83 2901 274 2994 *adiungere
310 2895 509 2973 audebimus.
548 2896 682 2980 Maximi
712 2898 862 2969 momenti
892 2915 942 2969 etr
