<?xml version="1.0" encoding="UTF-8"?>
<!DOCTYPE html PUBLIC "-//W3C//DTD XHTML 1.0 Transitional//EN"
    "http://www.w3.org/TR/xhtml1/DTD/xhtml1-transitional.dtd">
<html xmlns="http://www.w3.org/1999/xhtml" xml:lang="en" lang="en">
 <head>
  <title>
</title>
<meta http-equiv="Content-Type" content="text/html;charset=utf-8" />
  <meta name='ocr-system' content='tesseract 3.04.00' />
  <meta name='ocr-capabilities' content='ocr_page ocr_carea ocr_par ocr_line ocrx_word'/>
</head>
<body>
  <div class='ocr_page' id='page_1' title='image "./institutionesph00jacqgoog_0258.png"; bbox 0 0 2298 3418; ppageno 0'>
   <div class='ocr_carea' id='block_1_1' title="bbox 1 128 1013 2778">
    <p class='ocr_par' dir='ltr' id='par_1_1' title="bbox 244 128 927 210">
     <span class='ocr_line' id='line_1_1' title="bbox 244 128 927 210; baseline 0 -28"><span class='ocrx_word' id='word_1_1' title='bbox 244 135 332 182; x_wconf 68' lang='grc' dir='ltr'><strong>ιω</strong></span> <span class='ocrx_word' id='word_1_2' title='bbox 349 133 416 180; x_wconf 81' lang='lat' dir='ltr'><strong>stt.</strong></span> <span class='ocrx_word' id='word_1_3' title='bbox 439 131 594 180; x_wconf 78' lang='lat' dir='ltr'><strong>uootoss.</strong></span> <span class='ocrx_word' id='word_1_4' title='bbox 616 131 695 178; x_wconf 63' lang='grc' dir='ltr'><strong>οη.</strong></span> <span class='ocrx_word' id='word_1_5' title='bbox 722 128 765 176; x_wconf 87' lang='lat'><strong>11.</strong></span> <span class='ocrx_word' id='word_1_6' title='bbox 806 199 810 207; x_wconf 23' lang='grc' dir='ltr'>ι</span> <span class='ocrx_word' id='word_1_7' title='bbox 864 133 927 210; x_wconf 72' lang='lat'><strong>237</strong></span> 
     </span>
    </p>

    <p class='ocr_par' dir='ltr' id='par_1_2' title="bbox 2 197 934 288">
     <span class='ocr_line' id='line_1_2' title="bbox 2 197 934 288; baseline -0.009 -11"><span class='ocrx_word' id='word_1_8' title='bbox 2 212 3 284; x_wconf 74' lang='lat' dir='ltr'>s</span> <span class='ocrx_word' id='word_1_9' title='bbox 72 209 184 276; x_wconf 84' lang='lat' dir='ltr'><strong>ritate</strong></span> <span class='ocrx_word' id='word_1_10' title='bbox 207 207 349 272; x_wconf 88' lang='lat' dir='ltr'><strong>noudum</strong></span> <span class='ocrx_word' id='word_1_11' title='bbox 377 220 466 270; x_wconf 86' lang='lat' dir='ltr'><strong>certo</strong></span> <span class='ocrx_word' id='word_1_12' title='bbox 488 218 629 268; x_wconf 87' lang='lat' dir='ltr'><strong>constat.</strong></span> <span class='ocrx_word' id='word_1_13' title='bbox 653 197 810 288; x_wconf 84' lang='lat' dir='ltr'><strong>Principis</strong></span> <span class='ocrx_word' id='word_1_14' title='bbox 826 223 934 276; x_wconf 77' lang='lat' dir='ltr'><strong>autent</strong></span> 
     </span>
    </p>

    <p class='ocr_par' dir='ltr' id='par_1_3' title="bbox 2 289 932 387">
     <span class='ocr_line' id='line_1_3' title="bbox 2 289 932 387; baseline -0.013 -23"><span class='ocrx_word' id='word_1_15' title='bbox 2 315 3 364; x_wconf 76' lang='lat'>3</span> <span class='ocrx_word' id='word_1_16' title='bbox 69 298 246 387; x_wconf 81' lang='lat' dir='ltr'><strong>precaria</strong></span> <span class='ocrx_word' id='word_1_17' title='bbox 263 311 442 370; x_wconf 84' lang='lat' dir='ltr'><strong>vocantur,</strong></span> <span class='ocrx_word' id='word_1_18' title='bbox 465 313 547 379; x_wconf 85' lang='lat' dir='ltr'><strong>quae</strong></span> <span class='ocrx_word' id='word_1_19' title='bbox 573 291 658 355; x_wconf 89' lang='lat' dir='ltr'><strong>omni</strong></span> <span class='ocrx_word' id='word_1_20' title='bbox 687 289 808 356; x_wconf 85' lang='lat' dir='ltr'><strong>ratione</strong></span> <span class='ocrx_word' id='word_1_21' title='bbox 828 291 932 360; x_wconf 54' lang='lat' dir='ltr'><strong>nestro</strong></span> 
     </span>
    </p>

    <p class='ocr_par' dir='ltr' id='par_1_4' title="bbox 2 376 933 470">
     <span class='ocr_line' id='line_1_4' title="bbox 2 376 933 470; baseline -0.009 -19"><span class='ocrx_word' id='word_1_22' title='bbox 2 415 3 458; x_wconf 74' lang='lat'>1</span> <span class='ocrx_word' id='word_1_23' title='bbox 78 402 186 465; x_wconf 82' lang='lat' dir='ltr'><strong>tuta,</strong></span> <span class='ocrx_word' id='word_1_24' title='bbox 206 383 257 452; x_wconf 85' lang='lat' dir='ltr'><strong>vel</strong></span> <span class='ocrx_word' id='word_1_25' title='bbox 272 384 339 450; x_wconf 89' lang='lat' dir='ltr'><strong>sine</strong></span> <span class='ocrx_word' id='word_1_26' title='bbox 366 380 553 470; x_wconf 77' lang='lat' dir='ltr'><strong>probitione</strong></span> <span class='ocrx_word' id='word_1_27' title='bbox 574 397 752 444; x_wconf 90' lang='lat' dir='ltr'><strong>sumuntur.</strong></span> <span class='ocrx_word' id='word_1_28' title='bbox 766 376 933 458; x_wconf 74' lang='lat' dir='ltr'><strong>Quoniam·</strong></span> 
     </span>
    </p>

    <p class='ocr_par' dir='ltr' id='par_1_5' title="bbox 2 468 930 562">
     <span class='ocr_line' id='line_1_5' title="bbox 2 468 930 562; baseline -0.003 -23"><span class='ocrx_word' id='word_1_29' title='bbox 2 481 8 490; x_wconf 84' lang='lat'><strong><em>&#39;</em></strong></span> <span class='ocrx_word' id='word_1_30' title='bbox 80 473 186 562; x_wconf 82' lang='lat' dir='ltr'><strong>igitur</strong></span> <span class='ocrx_word' id='word_1_31' title='bbox 209 474 276 540; x_wconf 84' lang='lat' dir='ltr'><strong>fieri</strong></span> <span class='ocrx_word' id='word_1_32' title='bbox 307 487 437 561; x_wconf 91' lang='lat' dir='ltr'><strong>potest,</strong></span> <span class='ocrx_word' id='word_1_33' title='bbox 467 487 502 534; x_wconf 88' lang='lat' dir='ltr'><strong>ut</strong></span> <span class='ocrx_word' id='word_1_34' title='bbox 524 468 805 557; x_wconf 64' lang='lat' dir='ltr'><strong>propositionem,</strong></span> <span class='ocrx_word' id='word_1_35' title='bbox 832 493 930 560; x_wconf 76' lang='lat' dir='ltr'><strong>quarn</strong></span> 
     </span>
    </p>

    <p class='ocr_par' dir='ltr' id='par_1_6' title="bbox 82 554 934 648">
     <span class='ocr_line' id='line_1_6' title="bbox 82 554 934 648; baseline 0.002 -20"><span class='ocrx_word' id='word_1_36' title='bbox 82 584 172 628; x_wconf 90' lang='lat' dir='ltr'><strong>unus</strong></span> <span class='ocrx_word' id='word_1_37' title='bbox 185 564 252 628; x_wconf 84' lang='lat' dir='ltr'><strong>sine</strong></span> <span class='ocrx_word' id='word_1_38' title='bbox 278 557 467 648; x_wconf 77' lang='lat' dir='ltr'><strong>probatione</strong></span> <span class='ocrx_word' id='word_1_39' title='bbox 494 560 586 624; x_wconf 91' lang='lat' dir='ltr'><strong>sumit</strong></span> <span class='ocrx_word' id='word_1_40' title='bbox 602 601 612 636; x_wconf 96' lang='lat'><strong>,</strong></span> <span class='ocrx_word' id='word_1_41' title='bbox 630 557 709 622; x_wconf 85' lang='lat' dir='ltr'><strong>alter</strong></span> <span class='ocrx_word' id='word_1_42' title='bbox 728 554 934 630; x_wconf 74' lang='lat' dir='ltr'><strong>demonstra·-</strong></span> 
     </span>
    </p>

    <p class='ocr_par' dir='ltr' id='par_1_7' title="bbox 79 644 934 738">
     <span class='ocr_line' id='line_1_7' title="bbox 79 644 934 738; baseline -0.009 -22"><span class='ocrx_word' id='word_1_43' title='bbox 79 673 141 728; x_wconf 87' lang='lat' dir='ltr'><strong>re,</strong></span> <span class='ocrx_word' id='word_1_44' title='bbox 156 652 208 718; x_wconf 85' lang='lat' dir='ltr'><strong>vel</strong></span> <span class='ocrx_word' id='word_1_45' title='bbox 223 652 333 718; x_wconf 83' lang='lat' dir='ltr'><strong>saitem</strong></span> <span class='ocrx_word' id='word_1_46' title='bbox 346 645 553 738; x_wconf 77' lang='lat' dir='ltr'><strong>probabiliter</strong></span> <span class='ocrx_word' id='word_1_47' title='bbox 569 644 697 736; x_wconf 86' lang='lat' dir='ltr'><strong>probari</strong></span> <span class='ocrx_word' id='word_1_48' title='bbox 712 647 832 732; x_wconf 72' lang='lat' dir='ltr'><strong>possiet</strong></span> <span class='ocrx_word' id='word_1_49' title='bbox 847 671 934 718; x_wconf 71' lang='lat' dir='ltr'><strong>con.</strong></span> 
     </span>
    </p>

    <p class='ocr_par' dir='ltr' id='par_1_8' title="bbox 79 735 932 828">
     <span class='ocr_line' id='line_1_8' title="bbox 79 735 932 828; baseline 0.005 -24"><span class='ocrx_word' id='word_1_50' title='bbox 79 742 211 828; x_wconf 85' lang='lat' dir='ltr'><strong>tingere</strong></span> <span class='ocrx_word' id='word_1_51' title='bbox 234 742 329 806; x_wconf 88' lang='lat' dir='ltr'><strong>etiam</strong></span> <span class='ocrx_word' id='word_1_52' title='bbox 354 753 487 826; x_wconf 87' lang='lat' dir='ltr'><strong>potest,</strong></span> <span class='ocrx_word' id='word_1_53' title='bbox 514 751 550 802; x_wconf 92' lang='lat' dir='ltr'><strong>ut</strong></span> <span class='ocrx_word' id='word_1_54' title='bbox 566 736 655 823; x_wconf 88' lang='lat' dir='ltr'><strong>quod</strong></span> <span class='ocrx_word' id='word_1_55' title='bbox 684 735 738 799; x_wconf 90' lang='lat' dir='ltr'><strong>uni</strong></span> <span class='ocrx_word' id='word_1_56' title='bbox 757 741 932 824; x_wconf 84' lang='lat' dir='ltr'><strong>precarium</strong></span> 
     </span>
    </p>

    <p class='ocr_par' dir='ltr' id='par_1_9' title="bbox 81 822 933 916">
     <span class='ocr_line' id='line_1_9' title="bbox 81 822 933 916; baseline 0.004 -22"><span class='ocrx_word' id='word_1_57' title='bbox 81 847 134 898; x_wconf 90' lang='lat' dir='ltr'><strong>est</strong></span> <span class='ocrx_word' id='word_1_58' title='bbox 162 827 356 916; x_wconf 85' lang='lat' dir='ltr'><strong>principium</strong></span> <span class='ocrx_word' id='word_1_59' title='bbox 385 869 396 905; x_wconf 91' lang='lat'><strong>,</strong></span> <span class='ocrx_word' id='word_1_60' title='bbox 424 824 509 890; x_wconf 84' lang='lat' dir='ltr'><strong>idem</strong></span> <span class='ocrx_word' id='word_1_61' title='bbox 546 822 636 890; x_wconf 78' lang='lat' dir='ltr'><strong>alteri</strong></span> <span class='ocrx_word' id='word_1_62' title='bbox 671 823 708 887; x_wconf 90' lang='lat' dir='ltr'><strong>sir</strong></span> <span class='ocrx_word' id='word_1_63' title='bbox 734 843 857 892; x_wconf 88' lang='lat' dir='ltr'><strong>certum</strong></span> <span class='ocrx_word' id='word_1_64' title='bbox 880 831 933 897; x_wconf 88' lang='lat' dir='ltr'><strong>vel</strong></span> 
     </span>
    </p>

    <p class='ocr_par' dir='ltr' id='par_1_10' title="bbox 113 913 931 1002">
     <span class='ocr_line' id='line_1_10' title="bbox 113 913 931 1002; baseline -0.007 -22"><span class='ocrx_word' id='word_1_65' title='bbox 113 913 406 1002; x_wconf 80' lang='lat' dir='ltr'><strong>robabiie.1tsque</strong></span> <span class='ocrx_word' id='word_1_66' title='bbox 429 913 561 980; x_wconf 83' lang='lat' dir='ltr'><strong>relatiua</strong></span> <span class='ocrx_word' id='word_1_67' title='bbox 587 928 637 978; x_wconf 89' lang='lat' dir='ltr'><strong>est</strong></span> <span class='ocrx_word' id='word_1_68' title='bbox 663 913 752 976; x_wconf 89' lang='lat' dir='ltr'><strong>notio</strong></span> <span class='ocrx_word' id='word_1_69' title='bbox 783 921 931 1000; x_wconf 73' lang='lat' dir='ltr'><strong>precarii,</strong></span> 
     </span>
    </p>

    <p class='ocr_par' dir='ltr' id='par_1_11' title="bbox 82 939 928 1092">
     <span class='ocr_line' id='line_1_11' title="bbox 82 939 928 1092; baseline 0.005 -22"><span class='ocrx_word' id='word_1_70' title='bbox 82 939 180 1072; x_wconf 71' lang='lat' dir='ltr'><strong>iilud</strong></span> <span class='ocrx_word' id='word_1_71' title='bbox 209 1022 335 1072; x_wconf 83' lang='lat' dir='ltr'><strong>tantum</strong></span> <span class='ocrx_word' id='word_1_72' title='bbox 364 1000 511 1068; x_wconf 83' lang='lat' dir='ltr'><strong>absolute</strong></span> <span class='ocrx_word' id='word_1_73' title='bbox 536 1002 712 1090; x_wconf 80' lang='lat' dir='ltr'><strong>precarium</strong></span> <span class='ocrx_word' id='word_1_74' title='bbox 736 1000 928 1092; x_wconf 86' lang='lat' dir='ltr'><strong>principium</strong></span> 
     </span>
    </p>

    <p class='ocr_par' dir='ltr' id='par_1_12' title="bbox 1 1087 929 1230">
     <span class='ocr_line' id='line_1_12' title="bbox 1 1087 929 1230; baseline 0.008 -72"><span class='ocrx_word' id='word_1_75' title='bbox 1 1095 6 1230; x_wconf 56' lang='lat' dir='ltr'><strong>p</strong></span> <span class='ocrx_word' id='word_1_76' title='bbox 85 1093 286 1172; x_wconf 84' lang='lat' dir='ltr'><strong>diceretur,</strong></span> <span class='ocrx_word' id='word_1_77' title='bbox 319 1093 407 1160; x_wconf 85' lang='lat' dir='ltr'><strong>ouius</strong></span> <span class='ocrx_word' id='word_1_78' title='bbox 442 1089 528 1159; x_wconf 83' lang='lat' dir='ltr'><strong>uuila</strong></span> <span class='ocrx_word' id='word_1_79' title='bbox 568 1105 673 1158; x_wconf 84' lang='lat' dir='ltr'><strong>exstat</strong></span> <span class='ocrx_word' id='word_1_80' title='bbox 696 1087 929 1164; x_wconf 73' lang='lat' dir='ltr'><strong>demonstratio</strong></span> 
     </span>
    </p>

    <p class='ocr_par' dir='ltr' id='par_1_13' title="bbox 2 1177 529 1268">
     <span class='ocr_line' id='line_1_13' title="bbox 2 1177 529 1268; baseline -0.006 -20"><span class='ocrx_word' id='word_1_81' title='bbox 2 1237 3 1266; x_wconf 45' lang='lat'>2</span> <span class='ocrx_word' id='word_1_82' title='bbox 88 1203 154 1248; x_wconf 85' lang='lat' dir='ltr'><strong>nec</strong></span> <span class='ocrx_word' id='word_1_83' title='bbox 172 1181 318 1266; x_wconf 87' lang='lat' dir='ltr'><strong>probatio</strong></span> <span class='ocrx_word' id='word_1_84' title='bbox 342 1177 529 1268; x_wconf 82' lang='lat' dir='ltr'><strong>probabilis.</strong></span> 
     </span>
    </p>

    <p class='ocr_par' dir='ltr' id='par_1_14' title="bbox 2 1266 929 1357">
     <span class='ocr_line' id='line_1_14' title="bbox 2 1266 929 1357; baseline 0.006 -21"><span class='ocrx_word' id='word_1_85' title='bbox 2 1309 3 1312; x_wconf 61' lang='lat'><em>=</em></span> <span class='ocrx_word' id='word_1_86' title='bbox 101 1307 122 1344; x_wconf 47' lang='grc' dir='ltr'><strong>,ι</strong></span> <span class='ocrx_word' id='word_1_87' title='bbox 161 1270 309 1338; x_wconf 82' lang='lat' dir='ltr'><strong>Probario</strong></span> <span class='ocrx_word' id='word_1_88' title='bbox 334 1291 401 1335; x_wconf 90' lang='lat' dir='ltr'><strong>noo</strong></span> <span class='ocrx_word' id='word_1_89' title='bbox 427 1266 621 1335; x_wconf 86' lang='lat' dir='ltr'><strong>sufficienter</strong></span> <span class='ocrx_word' id='word_1_90' title='bbox 648 1267 783 1357; x_wconf 85' lang='lat' dir='ltr'><strong>probata</strong></span> <span class='ocrx_word' id='word_1_91' title='bbox 811 1271 929 1342; x_wconf 85' lang='lat' dir='ltr'><strong>dicitur</strong></span> 
     </span>
    </p>

    <p class='ocr_par' dir='ltr' id='par_1_15' title="bbox 88 1357 929 1446">
     <span class='ocr_line' id='line_1_15' title="bbox 88 1357 929 1446; baseline 0.005 -22"><span class='ocrx_word' id='word_1_92' title='bbox 88 1361 220 1446; x_wconf 81' lang='lat' dir='ltr'><strong>opinio,</strong></span> <span class='ocrx_word' id='word_1_93' title='bbox 245 1382 327 1446; x_wconf 81' lang='lat' dir='ltr'><strong>quae</strong></span> <span class='ocrx_word' id='word_1_94' title='bbox 350 1357 483 1446; x_wconf 85' lang='lat' dir='ltr'><strong>proinde</strong></span> <span class='ocrx_word' id='word_1_95' title='bbox 512 1358 564 1424; x_wconf 87' lang='lat' dir='ltr'><strong>vel</strong></span> <span class='ocrx_word' id='word_1_96' title='bbox 593 1357 777 1446; x_wconf 82' lang='lat' dir='ltr'><strong>probabilis</strong></span> <span class='ocrx_word' id='word_1_97' title='bbox 797 1378 873 1444; x_wconf 89' lang='lat' dir='ltr'><strong>est,</strong></span> <span class='ocrx_word' id='word_1_98' title='bbox 901 1366 929 1435; x_wconf 84' lang='lat' dir='ltr'><strong>si</strong></span> 
     </span>
    </p>

    <p class='ocr_par' dir='ltr' id='par_1_16' title="bbox 90 1443 925 1536">
     <span class='ocr_line' id='line_1_16' title="bbox 90 1443 925 1536; baseline 0.006 -24"><span class='ocrx_word' id='word_1_99' title='bbox 90 1446 243 1535; x_wconf 87' lang='lat' dir='ltr'><strong>probatio</strong></span> <span class='ocrx_word' id='word_1_100' title='bbox 268 1445 445 1536; x_wconf 80' lang='lat' dir='ltr'><strong>probabilis</strong></span> <span class='ocrx_word' id='word_1_101' title='bbox 466 1443 591 1524; x_wconf 80' lang='lat' dir='ltr'><strong>suerit,</strong></span> <span class='ocrx_word' id='word_1_102' title='bbox 614 1447 667 1511; x_wconf 88' lang='lat' dir='ltr'><strong>vel</strong></span> <span class='ocrx_word' id='word_1_103' title='bbox 692 1454 872 1534; x_wconf 75' lang='lat' dir='ltr'><strong>precaria,</strong></span> <span class='ocrx_word' id='word_1_104' title='bbox 899 1453 925 1516; x_wconf 89' lang='lat' dir='ltr'><strong>si</strong></span> 
     </span>
    </p>

    <p class='ocr_par' dir='ltr' id='par_1_17' title="bbox 90 1535 931 1626">
     <span class='ocr_line' id='line_1_17' title="bbox 90 1535 931 1626; baseline 0.005 -24"><span class='ocrx_word' id='word_1_105' title='bbox 90 1537 240 1626; x_wconf 84' lang='lat' dir='ltr'><strong>probatio</strong></span> <span class='ocrx_word' id='word_1_106' title='bbox 261 1538 368 1602; x_wconf 89' lang='lat' dir='ltr'><strong>nititur</strong></span> <span class='ocrx_word' id='word_1_107' title='bbox 390 1535 550 1626; x_wconf 90' lang='lat' dir='ltr'><strong>principiis</strong></span> <span class='ocrx_word' id='word_1_108' title='bbox 571 1535 728 1621; x_wconf 82' lang='lat' dir='ltr'><strong>precariis.</strong></span> <span class='ocrx_word' id='word_1_109' title='bbox 753 1535 846 1604; x_wconf 82' lang='lat' dir='ltr'><strong>Patet</strong></span> <span class='ocrx_word' id='word_1_110' title='bbox 867 1554 931 1606; x_wconf 84' lang='lat' dir='ltr'><strong>au-</strong></span> 
     </span>
    </p>

    <p class='ocr_par' dir='ltr' id='par_1_18' title="bbox 90 1623 930 1714">
     <span class='ocr_line' id='line_1_18' title="bbox 90 1623 930 1714; baseline 0.004 -25"><span class='ocrx_word' id='word_1_111' title='bbox 90 1643 181 1706; x_wconf 89' lang='lat' dir='ltr'><strong>tem,</strong></span> <span class='ocrx_word' id='word_1_112' title='bbox 205 1625 273 1694; x_wconf 85' lang='lat' dir='ltr'><strong>fieri</strong></span> <span class='ocrx_word' id='word_1_113' title='bbox 298 1645 418 1714; x_wconf 87' lang='lat' dir='ltr'><strong>posse,</strong></span> <span class='ocrx_word' id='word_1_114' title='bbox 438 1644 474 1690; x_wconf 91' lang='lat' dir='ltr'><strong>ut</strong></span> <span class='ocrx_word' id='word_1_115' title='bbox 496 1623 589 1689; x_wconf 86' lang='lat' dir='ltr'><strong>aiioui</strong></span> <span class='ocrx_word' id='word_1_116' title='bbox 613 1623 739 1688; x_wconf 78' lang='lat' dir='ltr'><strong>seientia</strong></span> <span class='ocrx_word' id='word_1_117' title='bbox 755 1623 794 1689; x_wconf 88' lang='lat' dir='ltr'><strong>sit</strong></span> <span class='ocrx_word' id='word_1_118' title='bbox 811 1667 822 1703; x_wconf 96' lang='lat'><strong>,</strong></span> <span class='ocrx_word' id='word_1_119' title='bbox 838 1625 930 1714; x_wconf 88' lang='lat' dir='ltr'><strong>quod</strong></span> 
     </span>
    </p>

    <p class='ocr_par' dir='ltr' id='par_1_19' title="bbox 91 1709 932 1804">
     <span class='ocr_line' id='line_1_19' title="bbox 91 1709 932 1804; baseline 0.002 -24"><span class='ocrx_word' id='word_1_120' title='bbox 91 1735 158 1780; x_wconf 87' lang='lat' dir='ltr'><strong>non</strong></span> <span class='ocrx_word' id='word_1_121' title='bbox 187 1716 244 1780; x_wconf 85' lang='lat' dir='ltr'><strong>nisi</strong></span> <span class='ocrx_word' id='word_1_122' title='bbox 273 1714 385 1803; x_wconf 85' lang='lat' dir='ltr'><strong>opinio</strong></span> <span class='ocrx_word' id='word_1_123' title='bbox 407 1731 455 1780; x_wconf 85' lang='lat' dir='ltr'><strong>est</strong></span> <span class='ocrx_word' id='word_1_124' title='bbox 478 1713 579 1778; x_wconf 84' lang='lat' dir='ltr'><strong>alteri.</strong></span> <span class='ocrx_word' id='word_1_125' title='bbox 604 1709 646 1776; x_wconf 88' lang='lat' dir='ltr'><strong>Er</strong></span> <span class='ocrx_word' id='word_1_126' title='bbox 675 1710 816 1780; x_wconf 80' lang='lat' dir='ltr'><strong>similiter</strong></span> <span class='ocrx_word' id='word_1_127' title='bbox 831 1735 932 1804; x_wconf 90' lang='lat' dir='ltr'><strong>quum</strong></span> 
     </span>
    </p>

    <p class='ocr_par' dir='ltr' id='par_1_20' title="bbox 93 1798 933 1892">
     <span class='ocr_line' id='line_1_20' title="bbox 93 1798 933 1892; baseline 0.007 -26"><span class='ocrx_word' id='word_1_128' title='bbox 93 1802 205 1891; x_wconf 89' lang='lat' dir='ltr'><strong>opinio</strong></span> <span class='ocrx_word' id='word_1_129' title='bbox 224 1805 343 1870; x_wconf 85' lang='lat' dir='ltr'><strong>nitatur</strong></span> <span class='ocrx_word' id='word_1_130' title='bbox 357 1800 549 1892; x_wconf 88' lang='lat' dir='ltr'><strong>probatione</strong></span> <span class='ocrx_word' id='word_1_131' title='bbox 572 1821 638 1866; x_wconf 90' lang='lat' dir='ltr'><strong>non</strong></span> <span class='ocrx_word' id='word_1_132' title='bbox 656 1798 852 1883; x_wconf 83' lang='lat' dir='ltr'><strong>sufficiente,</strong></span> <span class='ocrx_word' id='word_1_133' title='bbox 869 1805 933 1872; x_wconf 86' lang='lat' dir='ltr'><strong>fie-</strong></span> 
     </span>
    </p>

    <p class='ocr_par' dir='ltr' id='par_1_21' title="bbox 93 1891 933 1981">
     <span class='ocr_line' id='line_1_21' title="bbox 93 1891 933 1981; baseline 0.005 -23"><span class='ocrx_word' id='word_1_134' title='bbox 93 1893 120 1958; x_wconf 88' lang='lat' dir='ltr'><strong>ti</strong></span> <span class='ocrx_word' id='word_1_135' title='bbox 144 1909 252 1981; x_wconf 90' lang='lat' dir='ltr'><strong>potest</strong></span> <span class='ocrx_word' id='word_1_136' title='bbox 270 1939 282 1972; x_wconf 89' lang='lat'><strong>,</strong></span> <span class='ocrx_word' id='word_1_137' title='bbox 304 1908 341 1960; x_wconf 85' lang='lat' dir='ltr'><strong>ut</strong></span> <span class='ocrx_word' id='word_1_138' title='bbox 366 1891 435 1979; x_wconf 86' lang='lat' dir='ltr'><strong>quis</strong></span> <span class='ocrx_word' id='word_1_139' title='bbox 455 1906 604 1980; x_wconf 83' lang='lat' dir='ltr'><strong>agnoscat</strong></span> <span class='ocrx_word' id='word_1_140' title='bbox 628 1911 662 1956; x_wconf 87' lang='lat' dir='ltr'><strong>se</strong></span> <span class='ocrx_word' id='word_1_141' title='bbox 679 1893 933 1979; x_wconf 77' lang='lat' dir='ltr'><strong>propositionem</strong></span> 
     </span>
    </p>

    <p class='ocr_par' dir='ltr' id='par_1_22' title="bbox 7 1977 932 2070">
     <span class='ocr_line' id='line_1_22' title="bbox 7 1977 932 2070; baseline 0.004 -25"><span class='ocrx_word' id='word_1_142' title='bbox 7 2000 9 2006; x_wconf 74' lang='grc'>’</span> <span class='ocrx_word' id='word_1_143' title='bbox 97 1979 189 2046; x_wconf 83' lang='lat' dir='ltr'><strong>istam</strong></span> <span class='ocrx_word' id='word_1_144' title='bbox 219 2002 283 2046; x_wconf 89' lang='lat' dir='ltr'><strong>uon</strong></span> <span class='ocrx_word' id='word_1_145' title='bbox 314 1977 506 2048; x_wconf 86' lang='lat' dir='ltr'><strong>sufficienter</strong></span> <span class='ocrx_word' id='word_1_146' title='bbox 537 1977 704 2065; x_wconf 86' lang='lat' dir='ltr'><strong>probare,</strong></span> <span class='ocrx_word' id='word_1_147' title='bbox 736 2001 834 2070; x_wconf 83' lang='lat' dir='ltr'><strong>atque</strong></span> <span class='ocrx_word' id='word_1_148' title='bbox 856 1983 932 2051; x_wconf 90' lang='lat' dir='ltr'><strong>ideo</strong></span> 
     </span>
    </p>

    <p class='ocr_par' dir='ltr' id='par_1_23' title="bbox 97 2068 935 2156">
     <span class='ocr_line' id='line_1_23' title="bbox 97 2068 935 2156; baseline -0.002 -16"><span class='ocrx_word' id='word_1_149' title='bbox 97 2069 198 2140; x_wconf 84' lang='lat' dir='ltr'><strong>sidem</strong></span> <span class='ocrx_word' id='word_1_150' title='bbox 223 2068 307 2150; x_wconf 87' lang='lat' dir='ltr'><strong>haud</strong></span> <span class='ocrx_word' id='word_1_151' title='bbox 327 2070 456 2156; x_wconf 86' lang='lat' dir='ltr'><strong>amplius</strong></span> <span class='ocrx_word' id='word_1_152' title='bbox 484 2085 645 2132; x_wconf 83' lang='lat' dir='ltr'><strong>assensum</strong></span> <span class='ocrx_word' id='word_1_153' title='bbox 673 2069 832 2153; x_wconf 81' lang='lat' dir='ltr'><strong>praebeat.</strong></span> <span class='ocrx_word' id='word_1_154' title='bbox 859 2071 935 2149; x_wconf 81' lang='lat' dir='ltr'><strong>Qua</strong></span> 
     </span>
    </p>

    <p class='ocr_par' dir='ltr' id='par_1_24' title="bbox 8 2153 933 2248">
     <span class='ocr_line' id='line_1_24' title="bbox 8 2153 933 2248; baseline -0.002 -24"><span class='ocrx_word' id='word_1_155' title='bbox 8 2193 10 2198; x_wconf 83' lang='lat'><em>.</em></span> <span class='ocrx_word' id='word_1_156' title='bbox 97 2159 402 2248; x_wconf 80' lang='lat' dir='ltr'><strong>rationeopiuiones</strong></span> <span class='ocrx_word' id='word_1_157' title='bbox 419 2175 490 2223; x_wconf 89' lang='lat' dir='ltr'><strong>suot</strong></span> <span class='ocrx_word' id='word_1_158' title='bbox 507 2153 679 2222; x_wconf 81' lang='lat' dir='ltr'><strong>mutabiles.</strong></span> <span class='ocrx_word' id='word_1_159' title='bbox 701 2154 742 2221; x_wconf 87' lang='lat' dir='ltr'><strong>Et</strong></span> <span class='ocrx_word' id='word_1_160' title='bbox 764 2157 837 2244; x_wconf 83' lang='lat' dir='ltr'><strong>quia</strong></span> <span class='ocrx_word' id='word_1_161' title='bbox 854 2173 933 2246; x_wconf 79' lang='lat' dir='ltr'><strong>pro·-</strong></span> 
     </span>
    </p>

    <p class='ocr_par' dir='ltr' id='par_1_25' title="bbox 98 2243 934 2425">
     <span class='ocr_line' id='line_1_25' title="bbox 124 2243 934 2338; baseline 0.002 -28"><span class='ocrx_word' id='word_1_162' title='bbox 124 2245 217 2312; x_wconf 89' lang='lat' dir='ltr'><strong>osirio</strong></span> <span class='ocrx_word' id='word_1_163' title='bbox 228 2245 401 2338; x_wconf 84' lang='lat' dir='ltr'><strong>probabilis</strong></span> <span class='ocrx_word' id='word_1_164' title='bbox 416 2243 493 2312; x_wconf 81' lang='lat' dir='ltr'><strong>falsa</strong></span> <span class='ocrx_word' id='word_1_165' title='bbox 505 2265 571 2310; x_wconf 84' lang='lat' dir='ltr'><strong>esse</strong></span> <span class='ocrx_word' id='word_1_166' title='bbox 587 2261 712 2329; x_wconf 86' lang='lat' dir='ltr'><strong>potest,</strong></span> <span class='ocrx_word' id='word_1_167' title='bbox 725 2247 836 2334; x_wconf 88' lang='lat' dir='ltr'><strong>opinio</strong></span> <span class='ocrx_word' id='word_1_168' title='bbox 853 2269 934 2335; x_wconf 91' lang='lat' dir='ltr'><strong>pro-</strong></span> 
     </span>
     <span class='ocr_line' id='line_1_26' title="bbox 98 2268 674 2425; baseline -0.012 -23"><span class='ocrx_word' id='word_1_169' title='bbox 98 2268 209 2402; x_wconf 67' lang='lat' dir='ltr'><strong>[abilis</strong></span> <span class='ocrx_word' id='word_1_170' title='bbox 239 2354 347 2425; x_wconf 88' lang='lat' dir='ltr'><strong>potest</strong></span> <span class='ocrx_word' id='word_1_171' title='bbox 372 2335 465 2402; x_wconf 82' lang='lat' dir='ltr'><strong>etiarn</strong></span> <span class='ocrx_word' id='word_1_172' title='bbox 491 2355 558 2400; x_wconf 84' lang='lat' dir='ltr'><strong>esse</strong></span> <span class='ocrx_word' id='word_1_173' title='bbox 579 2333 674 2398; x_wconf 76' lang='lat' dir='ltr'><strong>falsa.</strong></span> 
     </span>
    </p>

    <p class='ocr_par' dir='ltr' id='par_1_26' title="bbox 100 2419 1013 2778">
     <span class='ocr_line' id='line_1_27' title="bbox 142 2419 935 2512; baseline 0.003 -24"><span class='ocrx_word' id='word_1_174' title='bbox 142 2421 212 2495; x_wconf 83' lang='lat' dir='ltr'><strong>IV·</strong></span> <span class='ocrx_word' id='word_1_175' title='bbox 257 2426 287 2492; x_wconf 83' lang='lat' dir='ltr'><strong>Si</strong></span> <span class='ocrx_word' id='word_1_176' title='bbox 306 2424 463 2512; x_wconf 82' lang='lat' dir='ltr'><strong>quaedam</strong></span> <span class='ocrx_word' id='word_1_177' title='bbox 481 2421 512 2486; x_wconf 93' lang='lat' dir='ltr'><strong>in</strong></span> <span class='ocrx_word' id='word_1_178' title='bbox 531 2419 732 2510; x_wconf 84' lang='lat' dir='ltr'><strong>philosophia</strong></span> <span class='ocrx_word' id='word_1_179' title='bbox 755 2440 935 2506; x_wconf 88' lang='lat' dir='ltr'><strong>sumuntur,</strong></span> 
     </span>
     <span class='ocr_line' id='line_1_28' title="bbox 100 2510 936 2602; baseline 0.002 -22"><span class='ocrx_word' id='word_1_180' title='bbox 100 2533 158 2602; x_wconf 86' lang='lat' dir='ltr'><strong>per</strong></span> <span class='ocrx_word' id='word_1_181' title='bbox 180 2535 263 2601; x_wconf 87' lang='lat' dir='ltr'><strong>quae</strong></span> <span class='ocrx_word' id='word_1_182' title='bbox 285 2513 375 2580; x_wconf 91' lang='lat' dir='ltr'><strong>reddi</strong></span> <span class='ocrx_word' id='word_1_183' title='bbox 394 2510 715 2601; x_wconf 86' lang='lat' dir='ltr'><strong>possitquorumdam</strong></span> <span class='ocrx_word' id='word_1_184' title='bbox 738 2511 936 2599; x_wconf 79' lang='lat' dir='ltr'><strong>phaenome-</strong></span> 
     </span>
     <span class='ocr_line' id='line_1_29' title="bbox 102 2601 936 2689; baseline 0.004 -22"><span class='ocrx_word' id='word_1_185' title='bbox 102 2622 214 2667; x_wconf 89' lang='lat' dir='ltr'><strong>uorum</strong></span> <span class='ocrx_word' id='word_1_186' title='bbox 228 2602 310 2668; x_wconf 80' lang='lat' dir='ltr'><strong>ratio</strong></span> <span class='ocrx_word' id='word_1_187' title='bbox 324 2603 402 2682; x_wconf 88' lang='lat' dir='ltr'><strong>,etsi</strong></span> <span class='ocrx_word' id='word_1_188' title='bbox 421 2601 627 2668; x_wconf 83' lang='lat' dir='ltr'><strong>demonstrari</strong></span> <span class='ocrx_word' id='word_1_189' title='bbox 638 2622 703 2665; x_wconf 87' lang='lat' dir='ltr'><strong>non</strong></span> <span class='ocrx_word' id='word_1_190' title='bbox 717 2604 838 2689; x_wconf 89' lang='lat' dir='ltr'><strong>possit,</strong></span> <span class='ocrx_word' id='word_1_191' title='bbox 856 2603 936 2670; x_wconf 78' lang='lat' dir='ltr'><strong>hanc</strong></span> 
     </span>
     <span class='ocr_line' id='line_1_30' title="bbox 105 2687 1013 2778; baseline 0.001 -23"><span class='ocrx_word' id='word_1_192' title='bbox 105 2710 168 2764; x_wconf 80' lang='lat' dir='ltr'><strong>esse</strong></span> <span class='ocrx_word' id='word_1_193' title='bbox 199 2713 306 2760; x_wconf 88' lang='lat' dir='ltr'><strong>veram</strong></span> <span class='ocrx_word' id='word_1_194' title='bbox 343 2687 513 2757; x_wconf 85' lang='lat' dir='ltr'><strong>effectuum</strong></span> <span class='ocrx_word' id='word_1_195' title='bbox 545 2691 807 2778; x_wconf 80' lang='lat' dir='ltr'><strong>explicandorum</strong></span> <span class='ocrx_word' id='word_1_196' title='bbox 835 2695 938 2758; x_wconf 87' lang='lat' dir='ltr'><strong>ratio·</strong></span> <span class='ocrx_word' id='word_1_197' title='bbox 1011 2747 1013 2756; x_wconf 80' lang='grc'>,</span> 
     </span>
    </p>
   </div>
   <div class='ocr_carea' id='block_1_2' title="bbox 3 2777 943 2958">
    <p class='ocr_par' dir='ltr' id='par_1_27' title="bbox 3 2777 943 2958">
     <span class='ocr_line' id='line_1_31' title="bbox 3 2777 940 2869; baseline 0.004 -27"><span class='ocrx_word' id='word_1_198' title='bbox 3 2783 4 2786; x_wconf 74' lang='grc'>’</span> <span class='ocrx_word' id='word_1_199' title='bbox 105 2799 193 2857; x_wconf 88' lang='lat' dir='ltr'><strong>nem;</strong></span> <span class='ocrx_word' id='word_1_200' title='bbox 214 2779 292 2847; x_wconf 82' lang='lat' dir='ltr'><strong>haec</strong></span> <span class='ocrx_word' id='word_1_201' title='bbox 317 2801 399 2866; x_wconf 85' lang='lat' dir='ltr'><strong>quae</strong></span> <span class='ocrx_word' id='word_1_202' title='bbox 423 2795 616 2856; x_wconf 88' lang='lat' dir='ltr'><strong>sumuntur,</strong></span> <span class='ocrx_word' id='word_1_203' title='bbox 644 2777 840 2867; x_wconf 79' lang='lat' dir='ltr'><strong>hypothesim</strong></span> <span class='ocrx_word' id='word_1_204' title='bbox 859 2781 940 2869; x_wconf 60' lang='lat' dir='ltr'><strong>prta</strong></span> 
     </span>
     <span class='ocr_line' id='line_1_32' title="bbox 107 2865 943 2958; baseline 0.005 -27"><span class='ocrx_word' id='word_1_205' title='bbox 107 2865 307 2958; x_wconf 76' lang='lat' dir='ltr'><strong>lotophicarrr</strong></span> <span class='ocrx_word' id='word_1_206' title='bbox 330 2869 541 2958; x_wconf 85' lang='lat' dir='ltr'><strong>constituunt.</strong></span> <span class='ocrx_word' id='word_1_207' title='bbox 558 2865 598 2932; x_wconf 83' lang='lat' dir='ltr'><strong>E.</strong></span> <span class='ocrx_word' id='word_1_208' title='bbox 614 2890 644 2954; x_wconf 81' lang='lat' dir='ltr'><strong>g.</strong></span> <span class='ocrx_word' id='word_1_209' title='bbox 672 2867 784 2954; x_wconf 83' lang='lat' dir='ltr'><strong>siquis</strong></span> <span class='ocrx_word' id='word_1_210' title='bbox 810 2869 852 2933; x_wconf 89' lang='lat' dir='ltr'><strong>ad</strong></span> <span class='ocrx_word' id='word_1_211' title='bbox 880 2891 943 2935; x_wconf 83' lang='lat' dir='ltr'><strong>ex-</strong></span> 
     </span>
    </p>
   </div>
   <div class='ocr_carea' id='block_1_3' title="bbox 0 0 1170 3418">
    <p class='ocr_par' dir='ltr' id='par_1_28' title="bbox 0 0 1170 3418">
     <span class='ocr_line' id='line_1_33' title="bbox 0 0 1170 3418; baseline 0 0"><span class='ocrx_word' id='word_1_212' title='bbox 0 0 1170 3418; x_wconf 95' lang='lat' dir='ltr'><strong> </strong></span> 
     </span>
    </p>
   </div>
  </div>
 </body>
</html>
