2298 3418
240 159 558 216 trasumenum.
580 159 656 208 etr.
678 157 722 208 tt.
868 139 912 227 dt

121 231 265 300 stibiiittts
293 254 355 300 seu
373 254 439 318 nnn
465 231 673 320 repugnantia
697 227 915 295 anoluntate

71 255 139 390 diei
161 341 357 410 nequaquam
379 319 526 407 pendeat.
555 319 655 398 Quod
677 336 784 384 autent
799 339 915 384 neces·

76 414 159 494 sario
188 411 435 501 possibilesest,
465 429 530 474 non
561 411 635 474 ideo
664 417 784 474 tamen·
805 403 915 496 existit

76 499 263 570 necessario.
300 499 390 564 Dum
424 514 532 564 autent
567 497 717 564 essentiae
747 513 851 562 retunt
881 499 914 561 e't

76 589 228 656 attributa
249 587 404 654 dicuntur
427 603 579 664 aeterna,
604 585 651 650 tie
675 583 764 652 istud
785 583 918 673 inteiiigi

75 657 171 744 debet
195 677 287 766 quod
309 675 433 742 scilieet
460 674 612 742 essentiae
637 693 739 739 rerunt
763 685 795 738 et
820 677 916 738 attri-

75 761 249 840 butannn
282 763 325 830 sit
360 764 446 831 entia
476 781 568 830 extra
602 763 708 828 Denns
739 759 918 843 existentia,

75 854 134 922 sed
159 855 251 938 quod
274 853 336 917 sint
362 853 393 916 in
420 849 583 918 intellectu
608 849 714 918 divino
739 849 780 915 ab
809 867 920 918 aeter·

74 964 135 1010 no.
160 938 358 1022 Vnddnihd
375 941 523 1006 statuitur
541 939 613 1006 Deo
626 954 808 1018 asternunt,
828 935 920 1027 quod

76 1051 148 1101 non
163 1030 203 1093 sit
218 1030 250 1098 in
265 1030 364 1108 Deo,
387 1027 551 1096 etaDeo.

43 1119 48 1132 '
128 1111 230 1188 ‚lust
254 1139 283 1187 t.
306 1116 450 1184 Esseutia
462 1132 497 1184 et
512 1115 679 1184 existentia
699 1114 833 1182 invicem
855 1135 922 1184 nun

80 1203 343 1296 distinguuntntt
372 1227 454 1296 ergo,
462 1205 486 1270 si
505 1225 557 1272 res
565 1221 638 1270 sunt
653 1221 800 1272 aeternae
814 1206 923 1292 quoad

80 1297 277 1374 essentiam,
310 1311 386 1360 sunt
413 1293 510 1360 etiam
534 1313 683 1360 aeternae
705 1292 815 1382 quoad
839 1296 923 1360 exis·

77 1384 215 1450 tentiam
244 1405 254 1460 ς
291 1404 370 1473 ergo
412 1383 502 1450 nulio
542 1381 642 1448 tnodo
682 1380 745 1448 dici
785 1397 924 1470 possunt

79 1487 219 1550 eteatae.
241 1471 344 1560 Resp.
368 1470 444 1538 dist.
468 1487 533 1538 ant.
556 1469 689 1537 essentia
704 1489 801 1558 prout
819 1472 926 1537 existit

81 1581 226 1628 seorsum
243 1563 286 1628 ab
301 1558 474 1626 intellectu
489 1557 621 1639 divine,
641 1579 706 1625 nnn
720 1557 927 1649 distinguitur

82 1648 125 1716 ab
155 1647 352 1728 existentia,
378 1662 525 1726 transeat=
543 1663 639 1728 ann,
667 1647 802 1714 essentia
827 1661 927 1736 prout

82 1737 192 1803 existit
219 1742 254 1803 t'n
275 1734 449 1804 intellectu
472 1735 609 1815 diuino,
636 1737 685 1802 N.
718 1754 784 1804 ant.
810 1733 929 1826 Itaque

85 1825 180 1979 guod
210 1846 258 1894 tes
286 1825 381 1890 taient
406 1821 543 1890 habeant
573 1825 767 1906 essentiam,
797 1827 830 1893 id
850 1849 932 1916 pett-

109 1931 142 1982 et
169 1911 226 1980 ab*
241 1907 567 1990 intellectuditino,
598 1935 663 1980 non
689 1930 797 1982 autent
822 1937 839 1981 a
864 1912 931 1980 voit

85 2001 237 2079 lunwtet
264 2001 355 2089 quod
385 2019 491 2068 autern
514 2002 631 2070 existat
656 2024 674 2068 a
698 2019 790 2092 parte
812 2003 854 2070 tei
877 2013 932 2070 ta-i

86 2091 314 2168 lietestentia,
342 2091 374 2158 id
397 2091 518 2177 pendet
544 2113 560 2156 a
585 2092 754 2157 voluntate
779 2092 840 2159 Dei
865 2113 933 2160 non

86 2200 167 2254 ueto
181 2225 185 2235 .
198 2175 239 2244 ab
263 2178 443 2246 intetlectn.
474 2179 565 2267 Ergo
588 2180 719 2244 essentia
740 2180 807 2259 tei,
834 2189 933 2268 prout

88 2284 137 2335 est
157 2269 188 2332 in
207 2267 377 2336 intellectu
402 2267 540 2347 divino,
568 2265 773 2355 distinguitur
792 2269 833 2334 sb
854 2270 936 2335 estis·

89 2356 203 2424 tentia.
223 2357 283 2420 ‘Et
317 2357 455 2442 quidem'
486 2377 526 2424 ex
562 2377 635 2435 eo,
669 2354 758 2444 quod
794 2377 844 2422 res
872 2359 936 2422 sint

87 2444 259 2535 possibiles
275 2444 487 2522 intrinsecus,
518 2452 582 2510 non
598 2443 673 2512 inde
687 2447 832 2533 sequitur
846 2492 857 2525 ,
884 2459 937 2512 eas

88 2553 203 2600 revera
239 2531 513 2619 existereequia
548 2553 631 2598 seru
664 2533 838 2615 esistunt,
864 2535 939 2600 iden

89 2622 192 2688 creati
223 2621 385 2690 dicuntur.
421 2621 707 2688 Adantecedens
736 2641 842 2689 autent
868 2625 940 2690 'dixi

93 2726 278 2786 transeam
307 2731 407 2797 qun-nt
437 2709 521 2776 enirn
547 2731 602 2774 ens
622 2726 779 2796 quatenus
804 2712 941 2780 existent

98 2797 296 2876 considerati
315 2799 415 2884 possit
429 2796 562 2867 euobis
586 2799 626 2864 de
641 2801 857 2866 eintessentia
879 2820 944 2865 nott

105 2884 355 2977 eggitantibuse,
387 2885 472 2956 nine.
490 2891 718 2954 essentiane
745 2888 945 2956 existentiam
