2270 3416
166 100 251 181 ’146
400 115 408 122 ·
452 115 637 164 rusrtrv'r.
662 115 795 164 unitos.

168 225 170 230 ·
186 189 353 280 germanos
381 187 523 252 veritatis
552 187 751 250 characteres
781 186 873 252 simul
901 187 1025 258 omnes
1051 185 1091 253 sili

163 315 171 342 v.
187 280 346 354 vindicat,
365 299 513 364 quaeque
528 277 629 363 ipsam
646 275 753 340 mundi
770 275 977 341 creationem
994 279 1093 344 deseri

187 367 254 445 bit,
273 366 528 454 primaevamque
553 366 618 430 eius
645 379 777 427 aetatem
798 364 965 448 adsignat.
982 367 1029 430 Et
1042 366 1095 452 qul·

187 455 258 521 dem
277 455 320 518 r.⁰
338 475 376 520 err
394 471 547 540 perpetua
562 453 766 515 israelitarum
781 453 981 530 traditione,
999 476 1031 520 et
1045 479 1094 541 pa·

187 563 340 630 ganorum
366 560 462 633 atque
478 539 715 604 christianorum
731 545 886 604 consensu
911 544 1026 606 multo
1040 564 1093 608 ma·

210 635 232 693 is
255 647 377 695 certum
392 649 462 720 est,
488 628 732 714 pentateuchum
757 628 868 718 Moysi
889 634 1023 695 auctori
1042 632 1092 694 tri-

187 654 350 784 buendum
367 741 454 794 esse,
472 735 566 804 quatu
586 738 623 782 ex
645 717 758 781 latinae
775 739 811 780 ae
825 739 966 806 graecae
981 739 1091 783 aucto·

188 807 288 872 sitatis
312 805 493 872 testimonio
515 821 659 883 constet,
680 805 843 868 Ciceronis
864 809 1038 872 orationes
1062 824 1091 872 et

189 895 370 959 Aristotelis
385 916 484 983 opera
506 897 645 980 ipsorum
671 913 735 959 esse
752 892 870 958 foetuse
890 893 961 956 hoc
976 895 1091 960 indubi-

189 986 289 1048 tatum
307 1001 375 1060 est;
406 1003 480 1070 ergo
504 999 551 1048 est
572 981 649 1044 illud
672 981 778 1068 magis.
796 981 898 1044 Porro
915 982 1004 1048 iudei
1019 1001 1088 1047 tan-

188 1090 225 1138 to
252 1073 359 1138 studio
385 1089 534 1156 tantaque
551 1071 699 1157 religione
722 1069 974 1156 pentateuchum
991 1071 1087 1135 incor-

189 1179 319 1244 ruptum
349 1177 528 1234 servarunt,
557 1175 676 1222 utnon
706 1159 803 1222 modo
829 1179 937 1244 neque
962 1162 1086 1226 adiicere

190 1250 366 1336 quidquam
384 1247 509 1333 aliquis,
526 1267 584 1311 nec
598 1242 733 1323 auferre,
749 1265 806 1310 nec
818 1247 991 1314 immutare
1004 1273 1086 1336 prae·

183 1336 336 1400 sumserit
350 1353 387 1400 ex
404 1334 544 1422 losepho
559 1333 617 1399 lib.
637 1355 665 1400 r.
680 1351 793 1398 contra
813 1337 1018 1422 Appietatem
1038 1336 1088 1402 sed

191 1423 284 1491 etiam
308 1423 446 1512 singulos
468 1423 713 1506 uniuscuiusque
739 1421 809 1486 libri
837 1443 972 1502 versus,
1000 1425 1086 1490 immo

130 1570 133 1575 .
190 1513 283 1580 etiam
302 1513 404 1598 apices
416 1511 456 1578 ad
470 1510 585 1574 calcem
603 1509 795 1598 singulorum
813 1511 973 1576 librorum
989 1514 1085 1580 adno-

190 1619 315 1679 tarent,
334 1599 416 1664 illius
430 1599 653 1686 compendium
666 1615 834 1677 canerent,
850 1617 953 1688 atque
970 1603 1013 1667 ad
1027 1605 1083 1691 pri-

166 1719 168 1723 ·
191 1712 298 1756 vatum
314 1709 345 1754 et
360 1685 578 1774 quotidianum
592 1707 681 1750 suum
696 1709 785 1750 usum
800 1687 1019 1754 describerent
1034 1693 1083 1754 siu-

151 1839 155 1846 .
191 1781 274 1868 gulis
289 1780 318 1842 in
331 1775 501 1866 synagogis
519 1797 577 1863 per
592 1795 687 1840 omne
701 1774 863 1840 sabbatum
878 1777 1026 1863 legerent
1037 1801 1084 1858 ,ac

191 1866 317 1958 singulis
342 1865 510 1950 septenniis
534 1865 804 1928 deuteronomium
827 1863 960 1950 publice
979 1869 1084 1933 recita·

139 1952 141 1962 ¹
166 1973 280 2034 -rent,
295 1973 326 2021 et
343 1950 424 2016 facta
441 1974 477 2016 ac
493 1952 635 2041 prodigia
650 1953 679 2015 in
694 1974 732 2017 eo
753 1973 887 2027 exarata,
897 1951 987 2019 festis
1002 1957 1084 2021 insti-

190 2047 267 2108 tutis
280 2091 284 2101 .
296 2041 489 2118 recolerent,
512 2061 550 2104 ne
572 2060 679 2104 earum
694 2038 914 2106 obliteraretur
925 2047 1083 2109 memoria.

192 2133 251 2196 ιι.ο
276 2129 437 2197 Mosaicse
452 2129 599 2192 historiae
615 2129 784 2214 praecipua
801 2131 903 2216 cupita
917 2129 1084 2210 illustrant,

161 2269 169 2280 .
192 2241 316 2308 suoque
340 2220 496 2284 consensu
520 2217 642 2280 firmant
665 2215 866 2304 philosophi,
882 2218 1028 2285 historici
1041 2239 1085 2285 at·

162 2347 163 2350 =
194 2335 258 2398 que
280 2311 393 2396 poetae
418 2306 449 2369 in
473 2303 602 2382 fabulis,
621 2322 656 2368 ut
672 2306 812 2370 ostendit
832 2305 969 2370 Grotius
983 2307 1042 2375 lib.
1060 2329 1084 2374 r.

160 2393 235 2468 ⁴⁴dr
258 2395 421 2485 religionis
445 2393 642 2458 christianae
665 2397 828 2470 veritate,
853 2413 884 2458 et
908 2399 1085 2480 praesertim

192 2484 330 2552 Huetius
357 2505 450 2570 prop.
473 2504 504 2562 4.
530 2481 682 2546 demostr.
713 2479 928 2570 evangelicae.
960 2483 1014 2548 Ex
1041 2486 1084 2554 hi·

159 2605 171 2645 ,s
193 2573 395 2641 storiaetiem
422 2570 520 2657 vulgo
543 2585 650 2632 notum
666 2587 732 2646 est,
751 2593 816 2654 quo
831 2591 978 2658 tempore
996 2575 1086 2660 pluri·

181 2685 262 2728 ,mae
282 2677 435 2722 terrarum
455 2659 593 2744 regiones
605 2705 615 2735 ,
634 2657 777 2722 deductis
801 2659 951 2736 coloniis,
971 2662 1085 2730 habita·

160 2784 166 2814 r
193 2751 220 2814 ti
246 2744 432 2827 coeperint,
448 2762 529 2808 artes
543 2745 723 2830 complures
738 2747 777 2810 ad
793 2749 875 2811 vitae
888 2769 979 2810 usum
996 2750 1087 2814 maxi-

163 2891 168 2900 .
193 2858 244 2912 me
264 2833 356 2895 utiles
382 2829 497 2896 fuerint
521 2831 676 2896 inventae.
698 2833 785 2898 Haec
799 2835 891 2922 igitur
906 2839 1015 2901 omnia
1032 2837 1088 2925 pri·

183 2941 336 2986 martam
362 2919 469 2982 mundi
491 2938 623 2983 aetatem
639 2910 826 2999 ostendunt,
848 2934 904 2986 n'ec
920 2925 1022 3010 ipsius
1038 2949 1087 2991 ar·

197 3004 566 3094 *ernitatiscorrveiniunt,
583 3028 618 3071 ac
636 3009 772 3094 proinde
781 3011 935 3074 creatoris
944 3057 958 3090 ,
980 3017 1087 3078 eutisa
