2326 3438
249 205 332 260 PAR!
353 205 414 259 111.
437 205 595 258 2001088·
620 209 695 258 ΟΛΡ.
719 207 761 260 11·
858 211 923 280 ¹145

15 347 16 350 ,
62 292 212 360 matur,
239 281 270 345 si
292 284 398 370 plures
421 281 453 344 in
469 282 609 348 eiusdem
627 277 698 345 lacti
717 279 927 350 narrationem

66 390 159 432 cunr
191 369 305 436 eodem
336 371 419 436 vitae
444 367 625 434 discrimine
651 373 927 456 conspiraverunt.

74 455 139 522 Ex
176 456 226 532 hir¹
260 457 352 526 facile
379 459 561 547 colligitur,
594 459 770 526 indubiam
799 463 936 526 omnino·

78 567 156 612 esse
179 566 215 613 et
232 548 465 614 evidentissima
488 551 705 636 apostolorum
737 550 925 617 resrimrnia.

15 639 17 720 ξ
78 632 216 701 Etenim
240 637 327 724 apud
358 634 583 700 inimicissimos
611 659 741 724 qunque
767 655 799 702 et
826 637 927 702 chris·

15 741 20 812 ζ
75 725 187 802 tianae
211 724 369 814 religionis
393 724 498 790 hostes
522 723 671 812 inculpati
695 725 841 802 fuerunt,
864 727 928 792 irn-

15 871 17 882 ,
75 833 140 878 mo
168 829 294 878 morum
317 815 497 880 innocentia
518 831 548 880 et
563 814 645 880 vitae
661 815 821 880 sanctitate
834 837 930 880 cnm·

15 923 16 940 ¹
76 901 244 968 mendati.
283 903 400 992 Neque
435 924 467 970 se
503 905 586 979 ipsos
622 904 783 968 dumtaxat
814 903 929 970 Cirris-

15 985 17 1034 l
80 993 109 1055 ti
140 993 380 1057 resurrectionis
411 1010 442 1058 et
473 989 695 1056 miraculorum
725 1006 819 1054 testes
873 1015 929 1058 ro-

15 1081 16 1142 Ῐ
81 1079 240 1156 duxere,
266 1077 318 1146 sed
347 1099 379 1146 et
405 1079 445 1146 ad
470 1080 545 1144 alios
568 1099 664 1146 testes
688 1016 930 1149 innunnralirer

86 1189 331 1256 provocarunt,
347 1171 560 1234 testimonium
574 1190 663 1234 suurn
678 1169 833 1234 miraculis
846 1191 930 1235 con-

86 1255 265 1321 firmarunt.
284 1260 401 1344 Neque
415 1259 478 1324 ulla
497 1265 578 1322 vitae
592 1258 762 1324 commoda
781 1259 821 1323 ad
844 1282 930 1328 men-

85 1344 234 1412 tiendum
264 1369 319 1414 eos
346 1343 476 1414 movere
503 1365 700 1436 potuerunt,
734 1367 834 1434 quum
865 1354 931 1434 ipra

87 1435 244 1519 evangelii
283 1435 480 1528 praedicatio
495 1482 505 1512 ,
534 1433 720 1514 laboribus,
754 1437 930 1502 carceribus

87 1525 251 1611 mortique
266 1525 326 1612 ipsi
341 1545 395 1589 eos
409 1522 567 1590 obiecerit.
584 1519 701 1610 ltaque
722 1541 832 1608 paret,
859 1527 932 1589 evi-

86 1611 205 1678 denter
216 1612 400 1682 credibilem
422 1635 488 1678 esse
510 1609 710 1676 christianam
739 1609 843 1674 rident.
869 1612 942 1674 Di...

89 1699 226 1788 ligenrer
241 1719 347 1787 autern
362 1700 596 1768 observandum
619 1717 688 1777 est,
713 1695 762 1762 hic
780 1719 834 1782 per
857 1723 933 1765 rre-

90 1787 296 1856 dr'br'litarrm
317 1813 334 1854 a
359 1789 448 1855 nobis
472 1789 600 1877 intelligi
624 1790 855 1875 persuasionem
870 1811 933 1854 na·

91 1879 228 1957 ruralem
253 1901 292 1944 ex
324 1878 395 1967 ipsa
419 1878 610 1944 moritorum
637 1878 794 1944 evidentia
819 1879 933 1944 oriun-

94 1962 191 2044 dam,
223 1987 287 2031 nnn
317 1989 394 2034 vero
412 1963 520 2050 fidem
548 1966 668 2055 ipsam,
688 1974 858 2053 ‘quatenus
885 1985 935 2034 est

95 2057 202 2120 virtut
224 2054 384 2123 divinitus
406 2054 537 2139 infusis,
563 2062 646 2141 q'pae
663 2054 729 2119 sine
744 2056 863 2144 gratiae
877 2079 935 2123 au·

97 2143 174 2208 xilio
197 2165 266 2210 esse
288 2165 352 2208 non
378 2164 496 2232 potest.
515 2143 570 2209 ·De
591 2141 636 2206 his
659 2139 757 2208 fusius
779 2142 936 2212 disserere

100 2230 140 2308 ad
166 2230 337 2321 theologos
364 2235 512 2321 pertinet.

142 2317 205 2386 XI.
251 2321 390 2388 Eaedem
413 2319 478 2389 sere
492 2320 627 2408 ‚regulae
651 2318 691 2384 ad
709 2318 936 2405 explorandam

99 2405 299 2476 ilistoriarum
323 2413 509 2496 scriptorum
535 2431 573 2474 ue
596 2409 689 2474 fidem
713 2408 752 2472 ad
770 2405 954 2488 sinceritas-¹

101 2513 166 2565 tem
187 2495 343 2566 transferri
367 2433 687 2602 possunthalsitatis
703 2496 865 2562 character
878 2497 937 2564 lra-

73 2599 75 2608 ’
101 2585 168 2656 beri
189 2590 326 2675 poterit,
356 2608 379 2650 sr
397 2587 485 2654 liber
513 2586 646 2674 aliquis,
675 2585 718 2652 de
745 2607 810 2672 quo
840 2586 939 2654 disse·

104 2677 202 2756 titur,
230 2697 247 2741 a
270 2675 359 2742 nullo
382 2677 433 2746 vel
453 2694 593 2754 coaevo,
618 2674 675 2740 rel
695 2672 826 2759 antiquo
847 2679 939 2762 scrip·
986 2751 987 2765 χ

15 2769 16 2780 ’
105 2779 177 2830 tore
202 2782 403 2830 memoretur.
429 2765 575 2834 Alterum
599 2762 824 2850 suppositionis
853 2766 939 2832 indi-

105 2855 184 2918 cium
213 2853 289 2933 erit,
307 2855 331 2918 si
358 2852 435 2920 liber
460 2853 511 2921 ille
538 2851 686 2938 dogmata
711 2851 940 2938 opinionesque

107 2940 288 3024 rontineat,
306 3017 309 3023 Δ
325 2962 415 3032 quae.
443 2940 483 3007 ab
508 2935 714 3028 opinionibus
732 2937 790 3008 illis
818 2939 942 3007 abbor-
