2270 3416
166 77 230 124 tro
385 79 408 110 -’
438 75 639 124 nterim.
664 73 809 124 uultus.

229 145 339 212 Altera
360 165 402 212 ex
425 163 516 234 parte
537 145 720 212 observavit
742 143 945 222 Leibnitius,
976 142 1072 234 quod

158 231 192 299 in
214 233 353 300 humano
377 255 511 322 corpore
529 234 655 324 plurimi
677 255 716 299 ac
735 233 848 300 infiniti
874 231 942 306 fere
962 253 1076 300 motus

157 344 202 388 ex
220 321 391 398 admirabili
406 325 503 412 ipsius
516 334 667 401 textura,
687 325 821 409 partium
835 323 971 402 ordine,
994 326 1076 401 situ,

157 411 314 501 simulque
330 429 534 480 externorum
552 431 727 500 corporum
745 430 835 476 motu
856 430 888 476 et
907 433 1076 499 compage

159 497 326 580 oriuntur,
345 504 388 568 ita
407 520 445 567 ut
460 523 520 590 pro
538 503 624 566 vario
647 503 783 587 partium
805 501 937 578 ordine,
955 501 1074 588 figora,
1125 531 1126 542 κ

158 587 221 654 ritu
236 612 273 654 ac
287 589 439 656 varietate
454 591 485 654 in
500 592 587 654 ce'rto
603 587 744 677 quodam
757 589 897 653 humano
910 609 1071 674 corpore,

156 676 237 746 varii
253 698 384 766 quoque
399 678 603 763 distinctique
617 697 723 742 motus
740 680 770 741 in
785 677 840 741 illo
854 679 997 764 produci
1013 678 1070 743 de-

158 761 267 830 beant.
294 763 396 854 Igitur
423 767 456 830 in
480 764 626 854 quolibet
650 787 788 856 corpore
814 765 986 843 humano,
1017 767 1071 830 cui

158 869 249 918 certa
269 854 426 942 quaedam
450 875 524 920 cum
547 855 613 919 aliis
628 852 818 940 corporibus
844 856 1005 921 connexio
1031 871 1066 918 et

160 959 250 1008 certa
264 943 420 1032 quaedam
432 944 568 1032 partium
581 959 707 1009 textura
718 963 871 1010 concessa
885 941 996 1020 fuerit,
1005 963 1063 1008 cer·

157 1043 195 1093 ‚ta
210 1034 368 1117 quaedam,
378 1053 415 1098 ac
430 1031 578 1096 distincta
593 1051 737 1097 motuum
756 1033 851 1097 series
865 1051 936 1097 erat
952 1031 1068 1096 futura.

160 1117 445 1197 Quemadmodum
457 1137 563 1186 autem
575 1138 663 1186 certa
674 1142 712 1186 ac
728 1122 894 1208 peculiaris
912 1120 968 1184 illa
984 1142 1069 1184 con·
1125 1167 1126 1170 η

161 1210 258 1273 nexio
281 1210 331 1276 vel
353 1209 520 1297 dispositio
543 1208 673 1272 infinitis
700 1208 803 1272 modis
828 1232 845 1273 a
867 1209 940 1273 Deo
958 1209 1068 1273 variari
1125 1205 1126 1272 Ϊ

156 1313 316 1383 poterat,
341 1296 388 1360 ita
409 1317 537 1387 quoque
561 1297 672 1362 inliniri
698 1317 829 1386 prorsus
855 1296 1065 1384 distinctique
1125 1295 1126 1332 ¹

147 1385 390 1472 'corporeorum
408 1403 552 1450 motuum
565 1383 694 1450 ordines
712 1385 834 1450 admitti
850 1385 981 1452 debent.
999 1384 1064 1451 lam
1125 1397 1126 1422 ³

159 1493 238 1540 vero
263 1475 351 1542 Deus
380 1475 518 1539 infinitos
545 1494 654 1540 omnes
680 1468 909 1562 cogitationum
934 1475 1064 1541 ordines

151 1564 331 1652 cognorit,
355 1563 410 1648 qui
432 1561 473 1628 ab
494 1562 619 1628 infinitis
638 1562 779 1628 humanis
802 1565 911 1627 animis
937 1563 1064 1650 depert-

158 1651 269 1718 denter
293 1651 334 1717 ab
360 1652 486 1717 infinitis
508 1649 667 1718 rationum
690 1650 912 1718 sufficientium
936 1652 1063 1716 ordini-

158 1736 220 1804 but
239 1756 327 1806 erant
343 1737 459 1820 futuri,
476 1738 810 1828 simulque'praetidit
832 1741 970 1805 infinitos
996 1763 1064 1806 mo-
1124 1743 1125 1750 ’

157 1845 251 1894 tuum
267 1830 393 1895 ordines
413 1829 582 1894 in-iniinitis
595 1829 738 1894 humanis
759 1827 951 1918 corporibus
970 1827 1062 1894 futu·

157 1937 211 1982 tos
228 1917 446 2004 dependenter
467 1915 507 1982 ab
521 1918 645 1982 inlinitis
663 1935 835 1995 texturae,
862 1919 981 2006 figurae
998 1935 1061 1986 cet.

152 2004 336 2070 ordinibus.
366 2005 438 2075 Vbi
468 2025 545 2074 vero
568 2025 689 2071 certum
715 2005 882 2094 quemdam
911 2008 1059 2087 animum,

158 2089 192 2156 in
211 2113 277 2179 quo
290 2095 435 2158 nimirum
449 2095 707 2182 certa-quaedam
719 2115 757 2159 ac
774 2096 920 2160 distincta
935 2096 1061 2184 cogita-

148 2183 281 2246 ·tionum
304 2183 397 2250 seties
424 2181 650 2260 essetfutura,
668 2205 741 2248 cum
764 2182 904 2250 humano
924 2203 1062 2269 corpote

149 2272 351 2360 ,coniungere
366 2274 489 2356 voluitt
513 2293 552 2338 ex
565 2272 691 2336 inlinitis
714 2271 858 2336 humanis¹
872 2273 1060 2359 corporibus

145 2358 239 2425 -ittud
257 2381 354 2426 unum
373 2359 484 2450 elegit,
508 2360 598 2449 quod
618 2381 657 2426 err
677 2359 784 2426 indole
798 2375 993 2446 textumque
1008 2382 1060 2426 sua
1122 2379 1123 2388 ¹

145 2467 389 2526 'commoruutn
405 2451 514 2516 seriem
529 2447 826 2528 foretltabiturum,
845 2467 927 2535 quae
940 2451 1057 2538 primae

149 2538 244 2602 -seriei
266 2555 407 2602 consona
433 2555 464 2604 et
492 2557 638 2605 accurate
666 2540 854 2603 conveniens
887 2535 983 2602 foret.
1010 2541 1059 2602 Ac

45 2623 48 2630 ’
108 2653 112 2665 ·
156 2641 323 2708 utramque
340 2624 430 2690 simul
443 2627 534 2690 animi
550 2630 755 2716 corporisque
768 2626 971 2690 substantiam
989 2647 1059 2692 con·
1121 2701 1122 2708 ἵ

158 2713 281 2788 iunxit,
303 2727 402 2776 ut‘ex
428 2713 461 2778 iis
490 2716 654 2780 resultaret
681 2707 863 2779 admirabile
895 2715 1058 2799 quoddam
1121 2711 1122 2722 ’

155 2800 324 2881 compositi
353 2819 451 2885 genus
477 2802 566 2886 quod
591 2801 757 2868 hominem·
774 2801 981 2892 appellamus.
1010 2803 1058 2866 Ex

157 2885 217 2949 hac
231 2886 402 2952 leibnitiani
416 2889 595 2974 systematis
611 2890 813 2976 expositione
826 2905 917 2976 patet
926 2932 938 2968 ‚
957 2906 1058 2953 totum

157 2972 288 3038 rationis
304 2971 485 3040 sufficientis
501 2978 689 3066 principium
703 2997 714 3057 3
741 2977 835 3066 quale
859 2999 878 3042 a
892 2975 1058 3044 lethuino

1116 3215 1120 3342 t
