2326 3438
267 223 406 273 nnus-t.
430 225 588 276 mutarn.
613 225 689 274 cnr.
717 225 748 274 t.
781 263 785 272 .
908 225 921 292 5

11 301 12 344 3
84 291 200 360 tesiani
226 291 293 362 fere
320 319 427 366 omnes
454 299 588 386 primum
614 291 803 384 cognitionis
833 296 926 384 prin·

89 383 207 470 cipium
236 405 308 449 cum
338 387 432 474 ipso,
486 385 555 452 uale
587 385 626 452 ab
660 386 733 474 ipsis
762 385 926 476 statuitur,

93 470 235 542 veritatis
257 474 384 540 criterio
404 409 606 540 conlundunt
616 521 627 554 ,
644 477 842 562 primumque
858 496 929 538 om·

93 561 177 624 nium
209 561 400 652 principium
431 585 499 631 esse
532 562 689 632 affirmant
726 563 928 651 propositio·

91 667 163 714 netu
190 647 295 716 hauet
326 653 492 744 quidquld
511 655 545 720 in
567 651 643 717 idea
664 649 758 717 clara
785 653 837 716 rei
856 648 928 716 alr·-

90 742 186 803 cut'us
213 757 280 803 com
325 738 516 819 ehcnditur,
549 738 588 805 t'd
615 737 657 804 de
687 761 726 806 ea
754 762 788 804 re
817 751 929 828 potest

89 821 253 907 affimari.
313 828 495 893 evetitatis
519 827 645 892 criterio
669 827 730 892 iam
754 847 932 896 sermonem

90 912 187 978 habui
220 913 251 977 in
279 916 403 1004 logica,
429 934 460 982 et
486 913 677 1002 quaestionis
703 931 818 980 statum
847 915 931 983 elate

92 1000 240 1089 exposui.
264 1001 294 1066 S.
314 1002 455 1068 Thomas
477 1003 683 1069 Aristotelem
706 1019 835 1067 secutus
860 1007 927 1092 pri·

93 1089 385 1178 mum-principium
404 1093 511 1157 statuit
533 1093 657 1160 axioma
679 1089 784 1156 istud:
808 1095 930 1184 impos·

95 1179 192 1248 sibile.
215 1193 285 1256 est,
305 1181 392 1246 idem
416 1178 603 1246 simulasse
627 1195 659 1245 et
684 1193 845 1270 noneste.
909 1256 912 1268 q

162 1267 343 1352 Antequam
376 1291 453 1340 veto
478 1287 618 1334 nosttam
647 1265 706 1337 hac
729 1269 769 1334 de
799 1291 830 1334 re
857 1290 932 1336 sen-

93 1355 226 1426 teutiam
240 1355 270 1418 in
288 1361 430 1444 sequenti
446 1358 649 1422 conclusione
666 1359 861 1442 aperiamus,
878 1358 935 1424 ob·

94 1444 287 1508 servandum
307 1463 377 1525 est,
400 1447 521 1512 nullum
547 1446 671 1512 axioma
696 1447 816 1511 tatione
838 1447 934 1512 centl-

93 1530 214 1596 tudinis
239 1549 337 1620 atque
363 1535 537 1602 evidentiae
563 1537 698 1622 primum
727 1533 788 1598 diei
825 1553 931 1620 posse,

92 1627 195 1707 'quum
225 1641 335 1686 omnes
365 1624 621 1710 propositiones,
650 1643 732 1708 quae
762 1619 929 1687 axiomatis

92 1715 211 1775 nomen
246 1723 427 1789 metentur,
451 1731 482 1778 et
511 1733 593 1796 quae
624 1727 707 1774 certe
731 1727 801 1774 sunt
826 1707 931 1796 pluti-

92 1816 192 1875 mae,
228 1798 365 1862 terminls
400 1799 565 1864 intellectis
594 1793 713 1861 ‘statim
748 1795 931 1864 manifestae

95 1905 165 1950 esse
188 1883 347 1964 debeant,
368 1887 520 1976 nullaque
543 1885 735 1974 probatione
761 1885 936 1975 indigeant.

95 1971 217 2058 Neque
247 1975 364 2057 primus
390 1977 480 2048 locus
511 1975 606 2039 tribui
643 1973 751 2064 p'otest
777 1975 937 2052 axiomati,

95 2061 190 2148 quod
214 2061 350 2148 primum
374 2066 474 2130 menti
499 2063 651 2127 occurrit.
674 2063 799 2128 Etenim
826 2062 939 2152 quosl-

95 2171 171 2212 nam
202 2153 241 2212 sit
269 2150 396 2216 axioma
423 2150 531 2228 illud,
562 2151 650 2214 nulla
681 2151 801 2216 tatione
833 2167 940 2238 potest

95 2235 367 2302 definiris‘immo
394 2261 493 2328 quum
518 2238 678 2302 axiomata
701 2240 759 2312 sint
784 2239 940 2326 proposi·

97 2324 205 2390 tiones
234 2326 456 2410 universales,
486 2323 695 2390 axiomatibus
723 2323 843 2412 priores
874 2345 941 2390 esse

100 2416 341 2500 propositiones
368 2413 564 2504 singulares,
592 2411 684 2480 facile
710 2429 800 2502 patet
828 2433 865 2477 ex
891 2411 942 2493 iis,

97 2523 187 2590 quae
201 2501 240 2567 de
257 2504 485 2587 universalium
508 2501 695 2567 formatione
711 2505 742 2567 in
759 2501 861 2590 logica
880 2522 955 2588 ex-y
1011 2569 1014 2573 .

101 2591 219 2678 plicata
248 2587 387 2657 fuerunt.
417 2592 461 2654 Et
488 2592 616 2679 quidem
648 2589 718 2656 licet
745 2589 832 2656 ideas
859 2592 943 2654 iona·

102 2695 153 2742 tas
171 2677 391 2764 probaverim,
413 2700 461 2744 res
484 2699 591 2745 tameo
615 2677 646 2742 in
672 2701 710 2743 eo
733 2699 826 2744 sensu
847 2679 943 2746 intel·

102 2765 156 2854 ligi
185 2788 248 2856 non
277 2767 400 2844 debet,
427 2789 493 2852 quo
519 2791 537 2832 a
560 2767 741 2856 vulgatibus
768 2769 942 2849 cartesiaois

102 2872 289 2941 usurpatur.
324 2853 472 2920 Ideatum
500 2858 679 2920 innatorum
712 2857 837 2920 nomine
868 2855 942 2920 nihil

96 2941 186 3008 aliud
212 2942 382 3032 intelligo,
415 2944 471 3008 uisi
495 2943 585 3016 ideas
612 2941 870 3024 intellectuales,
901 2962 939 3018 ex
