2246 3412
150 56 214 139 264
363 85 386 115 ··
420 79 788 130 sustinueramus.
968 143 973 150 Β

143 141 247 236 Igitur
278 147 468 218 alteratio
492 153 588 228 bonis
613 148 796 238 speranda,
823 146 916 213 malis
943 161 1059 212 autern

142 240 405 324 pertimescenda.
430 237 488 303 His
518 239 583 306 fere
610 236 757 328 gradibus
788 237 833 302 ad
860 235 1057 323 religionem

142 325 318 390 naturalem
354 329 551 416 perducendi
581 348 656 392 sunt
689 325 845 392 increduli
887 324 1053 402 homines,

142 412 294 500 quidum
320 437 467 506 magnum
497 435 530 482 et
558 415 717 503 singulare
741 415 906 502 ingenium
937 433 1054 480 osteu-

141 517 207 566 tare
236 504 375 582 volunt,
398 527 484 569 suant
509 503 758 570 imbecillitatem
778 523 879 590 atque
897 502 1047 589 impieta-

141 605 208 656 tem
237 589 466 657 demonstrant.
494 589 564 658 Iam
590 594 632 658 ad
657 592 845 680 religionem
876 593 1045 656 revelatam

145 678 280 767 gradum
309 679 473 744 faciamus.-
683 763 684 766 Ἴ
1041 718 1044 728 ·

211 767 297 852 Lege
308 769 444 834 naturali
459 791 620 858 tanquam
634 768 701 834 basi
716 765 857 833 fundata
869 786 926 833 est
944 767 1054 856 religio
1116 797 1117 818 2

144 855 296 931 revelata.
320 857 380 923 Per
395 859 544 924 *diversas
561 857 769 926 revelationes
792 856 928 922 minime
950 875 1055 921 tamen

148 939 204 1002 sibi
230 947 401 1011 contrarias
424 946 512 1013 Deus
534 948 852 1012 voluntatem-suam
867 945 1052 1010 hominibus
1115 1002 1116 1009 ,

144 1028 359 1098 manifestavit
373 1080 383 1114 ,
397 1036 566 1124 ipsumque
580 1036 746 1122 proprium
761 1033 881 1097 Filium
893 1032 1054 1098 humanae

145 1119 256 1184 salutis
279 1141 494 1207 reparatorem
512 1143 544 1189 et
565 1123 722 1212 religionis
737 1119 890 1210 lapidem
907 1121 1055 1210 angula·

145 1227 214 1272 rm
226 1212 504 1278 constituit.Haec
515 1213 666 1300 dogmata
681 1212 885 1276 continentur
901 1210 936 1274 in
950 1211 1051 1290 libris,

147 1314 286 1380 quorum
314 1302 443 1366 veritas.
458 1322 523 1366 non
540 1301 642 1365 solum
663 1298 850 1366 testimoniis
865 1299 935 1366 fide
950 1299 1051 1388 dignis
1114 1359 1115 1364 ,

143 1383 203 1454 std
217 1385 310 1451 etiam
322 1388 588 1475 splendidioribus
601 1389 758 1453 miraculis
772 1385 831 1452 fuit
846 1389 1049 1453 confirmarat

146 1471 356 1556 {Quissauae
368 1479 478 1543 tuentis
493 1477 552 1542 sibi
567 1475 787 1564 persuadebit,
802 1475 941 1542 iudaeos
954 1525 966 1556 ,
980 1478 1050 1564 qui-

146 1557 209 1626 bus
224 1564 500 1630 commissumfuit
526 1567 703 1631 divinarum
726 1565 977 1653 promissionum
990 1565 1047 1630 de·

120 1733 123 1739 r
145 1649 302 1752 positum,
317 1655 400 1720 dolis·
413 1652 637 1740 fraudibusque
648 1652 744 1719 fuisse
758 1655 910 1719 seductos
926 1699 936 1733 ,
952 1672 1049 1740 atque

148 1758 183 1824 tn
196 1761 263 1804 eam
281 1741 430 1808 inductos
447 1743 557 1808 falsam
571 1743 773 1830 opinionem,
786 1764 820 1807 se
833 1763 954 1828 nempe
968 1741 1048 1808 libe-

149 1843 235 1890 ratos
251 1827 348 1900 fuisse
363 1853 401 1897 ex
416 1833 585 1922 AEgypto
600 1836 633 1896 in
645 1829 838 1909 manuforti
849 1848 882 1896 er
894 1831 1049 1896 brachior

148 1931 297 1981 extenso:
309 1917 531 1986 infensissimos
544 1923 670 1986 illorum
686 1919 792 1986 hostes
803 1920 979 2010 aegyptios
994 1941 1046 1984 va·

147 2001 199 2066 riis
214 2005 341 2092 flagellis
354 2006 448 2076 fuisse
465 2030 634 2098 oppressus
644 2034 652 2072 ι
663 2029 819 2074 cananeus
834 2007 932 2073 inisse
943 2023 1044 2074 exter·

148 2091 305 2172 minatus,
323 2113 360 2160 ut
375 2099 478 2164 iudaei
493 2100 688 2178 possiderent
704 2092 981 2184 terramflrrentem
992 2095 1043 2161 lar

150 2193 184 2250 ct
198 2179 283 2263 mel,
302 2202 400 2274 atque
411 2186 554 2252 totuhoc
570 2206 713 2273 ternpore
728 2185 831 2250 Deum
846 2187 972 2272 populo
985 2182 1040 2249 he·

148 2265 251 2336 brae·
278 2293 352 2340 suae
366 2279 564 2361 praesentiae
579 2293 610 2340 et
624 2273 829 2360 protectionis
846 2271 980 2338 illustria
991 2290 1043 2337 tt·

151 2377 218 2440 que
237 2379 393 2447 perpetua
402 2383 592 2452 argumenta
605 2363 728 2429 dedisse
745 2365 755 2426 ?
767 2361 849 2439 Quis
862 2361 1043 2441 crediderit,

150 2441 285 2512 iudaeos
313 2450 518 2518 haecomnia
546 2455 610 2518 sine
636 2451 701 2516 ullo
727 2449 934 2516 fundamento
956 2448 1041 2516 facile

149 2533 342 2616 credidisse,
358 2535 545 2629 cultumque
569 2561 741 2607 onerosum
765 2539 830 2604 sine
846 2538 1042 2608 ullaratiuue

150 2617 207 2687 sibi
234 2622 444 2708 imposuisse?

217 2707 371 2784 Dirinnm
383 2727 472 2782 certe
486 2738 569 2804 opus
585 2739 656 2784 esse
669 2737 832 2784 necessum
853 2730 904 2783 est
920 2716 1037 2801 longam

151 2791 388 2875 prophetiarum
402 2805 511 2868 seriem
526 2849 535 2883 ,
557 2806 909 2894 quaenoninterrupto
923 2804 1039 2864 multo-

151 2895 223 2942 tum
247 2887 445 2954 saeculorum
470 2897 568 2956 eursu
593 2893 710 2958 exitum
740 2891 889 2956 habuere.
906 2890 1038 2956 Oracula

52 3065 56 3074 ι
145 2963 208 3034 ista
234 2975 543 3076 enemttshumanae·
566 2980 744 3068 cognitioni
769 2979 1039 3070 lungeimpervius
