2264 3420
174 155 214 230 μ
367 161 410 215 a,
433 151 621 202 ttrsrrrvr.
649 149 786 207 rnrnot.
858 151 863 159 ’

433 309 716 382 ARTICVLVS
737 307 786 376 11.

277 445 338 514 De
357 446 550 538 praecipuis
576 447 795 511 reserationum
817 439 955 534 legibue!
1046 422 1054 447 ’

424 549 457 601 et
480 531 523 601 dc
553 537 683 602 animae
706 530 799 602 sede.

173 689 404 828 Sensationes
419 756 570 823 dicuntur
584 751 818 844 perceptiones,
828 772 969 843 quarum
982 751 1068 821 ratio
1129 698 1132 837 l

173 845 356 912 continetur
374 846 405 910 in
421 843 673 924 mutationibus,
694 865 779 932 quae
792 844 937 931 corporis
954 843 1063 908 nostri

173 934 295 1020 organis
319 935 490 1012 accidunt,
515 949 679 1023 quatenus
699 946 777 997 sunt
796 933 932 1020 organo.
962 929 1057 1011 Ques

172 1025 302 1110 quidem
314 1025 422 1088 ultima
436 1020 533 1089 verba
546 1037 618 1086 suot
631 1020 760 1086 omuino
772 1019 956 1086 necessaria.
968 1020 1056 1086 Nam
1129 1087 1130 1094 χ

172 1133 293 1200 organo
310 1109 453 1177 sensorio
468 1112 600 1176 acausis
617 1108 753 1175 externis
766 1106 907 1173 accidere
919 1124 1060 1194 possunt

174 1201 392 1277 mutationes,
417 1220 499 1287 quae
520 1197 562 1264 ab
587 1213 744 1263 structura
763 1195 913 1284 organica
929 1197 1061 1265 minime

177 1287 320 1372 piedent.
336 1285 387 1353 Ita
405 1287 430 1352 si
447 1287 544 1352 oculo
557 1287 673 1351 vulnus
691 1282 860 1372 infligitur,
876 1283 995 1349 vulnus
1010 1287 1058 1351 il·
1129 1349 1130 1354 ,

173 1375 230 1440 lud
246 1397 309 1439 non
327 1394 375 1441 est
394 1377 552 1455 mutatio,
568 1397 650 1461 quae
665 1374 762 1438 oculo
778 1373 900 1438 accidat
918 1373 948 1437 vi
964 1391 1054 1439 stru-

172 1480 283 1530 cturae
298 1466 390 1550 ipsius
406 1465 583 1552 organicae.
595 1461 675 1529 Inde
684 1485 759 1550 ergo
770 1461 968 1550 intelligitur,
977 1461 1057 1549 quid

173 1553 214 1618 sit
218 1551 376 1632 facultas
392 1551 569 1621 sentiendi.
583 1551 643 1614 Est
656 1571 770 1635 nempe
790 1548 923 1614 facultas
945 1553 1054 1637 perci·

172 1641 271 1730 pendi
287 1641 410 1706 obiecta
426 1657 560 1707 externa
576 1640 751 1706 secundum
764 1639 1055 1724 cerrasimptessin·

173 1750 251 1794 num
272 1732 492 1818 organicorum
510 1729 603 1817 leges.
622 1725 702 1794 Inde
725 1727 818 1791 etiam
843 1725 973 1792 evidens
993 1745 1053 1805 est,

174 1818 277 1882 varios
294 1839 362 1882 esse
378 1819 589 1882 sertsntionutn
601 1816 729 1904 gradus.
745 1815 888 1880 Sensatio
899 1835 962 1879 una
973 1814 1056 1880 dici·

115 1941 118 1946 ·
174 1922 227 1970 tur
250 1904 481 1985 alterafcrtior
491 1953 502 1984 ,
518 1927 599 1992 quae
622 1906 768 1970 maiorem
788 1901 886 1970 habet
904 1903 1068 1970 claritatis

173 1992 334 2080 gradum,
362 2013 417 2059 seu
443 1994 532 2059 cuius
560 1993 658 2082 magis
685 1991 778 2058 nobis
801 1992 918 2056 conscii
948 2013 1053 2059 sumus

175 2103 270 2169 quum
287 2082 422 2146 alterius.
440 2081 479 2147 E.
500 2105 531 2172 g.
555 2085 651 2146 maior
670 2099 719 2146 est
741 2080 866 2149 claritas
884 2081 916 2146 in
940 2102 1053 2168 perce·

173 2169 286 2260 ptione
299 2169 425 2235 luminis
441 2170 550 2236 solaris
562 2190 656 2255 quarn
673 2169 808 2247 lunatis,
822 2189 859 2234 ac
871 2169 1007 2256 proinde
1021 2169 1052 2236 in

173 2257 274 2348 priori
289 2279 363 2324 casu
380 2259 517 2325 sensorio
534 2256 646 2323 fortior
667 2276 715 2324 est
730 2279 825 2345 quam
849 2256 880 2319 in
896 2258 1008 2323 altero.

240 2349 418 2414 Seusatiotre
431 2348 573 2412 validiori
587 2345 772 2413 debiliorem
788 2343 964 2424 obscurari,
981 2366 1053 2412 con·

177 2452 239 2510 stat
255 2437 447 2523 experientia
461 2435 657 2524 quotidiana.
671 2434 761 2500 Luna
774 2435 872 2500 instar
887 2435 989 2500 tenuis
1001 2457 1053 2500 cu·

92 2585 95 2589 ,
171 2523 293 2590 iusdum
320 2525 495 2590 nubeculae
507 2524 643 2588 interdiu
657 2523 755 2611 pallet
762 2570 774 2601 ,
790 2544 872 2611 quae
887 2541 987 2588 noctu
1002 2545 1051 2589 sn·

176 2613 214 2674 ris
226 2609 329 2677 vivide
342 2615 527 2700 percipitur:
545 2613 648 2677 lumen
662 2612 769 2677 stellae
782 2631 881 2676 noctu
897 2612 974 2678 satis
989 2613 1053 2678 cla·-

172 2720 207 2765 re
219 2716 425 2787 perceptum,
440 2703 535 2778 luce,
553 2701 664 2767 diurna
676 2701 786 2765 oculos
801 2715 1004 2789 occupante,
1018 2723 1053 2766 a·

140 2844 141 2867 ,
173 2787 237 2856 deo
262 2788 398 2856 obscure
423 2789 618 2878 percipitur,
641 2805 677 2854 ut
701 2785 827 2852 luminis
850 2788 940 2854 huius
961 2789 1052 2854 nobis

172 2897 305 2964 prorsus
321 2879 436 2942 conscii
452 2899 516 2940 non
533 2877 653 2956 simus,
674 2877 816 2965 quamvis
832 2894 937 2944 tamen
961 2879 1052 2945 stella

91 2987 96 2994 ·
128 2969 132 2974 ’
157 2965 159 2971 ’
173 2965 279 3054 radios
291 2964 368 3030 lucis
377 2965 409 3028 in
421 2967 549 3028 oculum
560 2965 612 3028 diu
626 2981 659 3049 et
666 2982 765 3028 noctu
777 2985 877 3051 aeque
889 2965 1048 3030 immittat.

215 3047 264 3115 11.
309 3050 492 3138 Antequam
507 3052 722 3118 sensationum
744 3068 886 3118 naturam
903 3069 937 3119 et
961 3055 1051 3140 leger
