2270 3416
283 121 426 193 rtus'u.
450 145 605 194 urrunnu.
630 147 706 194 car.
730 147 758 192 1.
904 126 964 194 161

58 211 218 296 primum,
243 233 347 282 cetera
365 213 447 284 ‘vero
472 217 554 282 entia
578 215 617 279 ab
644 217 715 304 ipso
738 217 819 292 sint3
842 213 966 304 perfec-

59 299 167 367 tiones
201 301 324 370 divinae
357 323 432 370 suut
468 307 606 368 omnium
634 307 751 392 primae
782 325 835 368 seu
863 303 964 388 prima

60 389 244 476 possibilia3
267 412 299 458 et
319 395 349 456 in
371 392 428 456 iilis
451 395 632 460 continetur
654 395 731 456 ratio
749 391 965 480 possibilitatis

60 478 206 543 omnium
222 480 351 548 aliarum
369 480 599 568 perfectionum
620 482 682 559 ita,
699 500 734 544 ut
749 480 874 544 subiato
892 479 964 545 Deo

59 565 140 629 nihii
169 570 304 655 amplius
338 569 491 658 possibile
517 570 722 658 concipiatur.
757 569 841 633 Hinc
867 589 965 656 quum

60 650 153 718 Deus
179 656 391 744 perfectiones
423 659 612 736 illimitatas‚'
632 681 712 744 quae
738 677 809 722 sunt
839 656 868 719 in
897 657 964 720 eius

61 745 224 824 essentia,
247 765 404 834 perpetuo
426 749 604 824 intueatur,
631 767 738 812 omnes
766 763 893 834 quoque
922 745 965 808 li-'

59 831 244 898 n'titationes
268 833 497 921 perfectionum
527 833 716 920 possibiles,
743 851 774 899 et
802 836 962 898 finitorum

60 920 277 1003 quorumlibet
301 926 417 990 entium
440 923 689 992 combinationes
716 943 825 987 omnes
853 922 964 1007 possi-

59 1007 140 1072 biles
164 1008 271 1088 videt‚
295 1033 348 1077 seu
375 1015 477 1078 omnia
505 1011 661 1101 possibilia
685 1011 848 1099 cognoscit
871 1009 901 1073 in
925 1025 962 1078 so'·

58 1095 163 1182 ip's'o,
186 1118 241 1178 seu
264 1117 417 1188 quatenus
444 1123 475 1166 se
500 1101 603 1188 ipsum
627 1098 803 1187 cognoscit.

57 1252 157 1334 Hruo
189 1277 420 1338 cottroruvn,
452 1279 552 1322 tonas
586 1277 705 1334 annun
732 1238 808 1320 Dao
835 1274 954 1336 assart-

67 1376 72 1384 ’
111 1353 233 1422 ntitas
265 1379 363 1442 assa,
396 1381 441 1427 ao
474 1380 624 1426 rnotuurr
657 1347 879 1426 uacsssautas
906 1379 952 1427 n

65 1503 67 1511 ,
114 1479 367 1530 tntrvraurrus.
953 1447 958 1457 ’

110 1612 220 1684 ,Prob
241 1619 327 1685 Nam
346 1619 522 1691 inteilectus
545 1621 670 1686 divinus
685 1621 760 1686 Deo
780 1617 955 1685 essentialia¹
1028 1694 1032 1713 .

54 1705 327 1774 est·.·Est·autem
354 1711 527 1774 intellectus
554 1707 677 1774 divinus
707 1709 847 1772 omnium
873 1719 957 1792 pos-'

56 1787 190 1859 sibilium
206 1793 273 1858 tunt
288 1799 488 1886 singularium
503 1815 572 1862 tum·
586 1797 802 1864 universalium
818 1797 956 1860 di'stin'c-r

56 1897 92 1944 ta
114 1903 148 1945 ae
169 1885 616 1974 simultanearepraesentatio
630 1901 641 1964 ς’
664 1909 740 1974 ergo
762 1906 859 1973 quum
885 1883 955 1948 idea'

60 1971 115 2046 sits
129 1977 371 2058 repraesentatio
395 1976 436 2040 rei
456 1979 486 2063 in
509 1993 631 2053 mente,
654 1975 741 2040 ideae
763 1995 864 2038 rerum
886 1989 958 2036 sunt

61 2055 136 2124 Deo
162 2061 365 2140 essentiaieS,
398 2085 434 2126 ac
466 2061 598 2148 proinde
623 2066 810 2128 necessariae
837 2076 869 2126 et
895 2059 961 2122 im-

60 2148 239 2234 mutabiles.
259 2149 342 2215 Hinc
361 2151 448 2216 ideae
472 2173 573 2216 rerum
592 2151 657 2214 non
679 2170 748 2216 sunt
765 2149 960 2228 arbitrariae,

63 2238 123 2299 seu*
141 2241 203 2299 non
227 2257 299 2302 sunt
321 2233 424 2316 taies,
447 2241 534 2324 quod
558 2241 643 2302 Deus
661 2261 712 2302 eas
734 2237 868 2302 voluerit
890 2255 960 2302 esse

60 2319 148 2388 tai'es'.
175 2325 260 2390 Pone
282 2329 387 2407 enim,
410 2349 458 2391 eas
483 2351 549 2392 esse
572 2326 772 2401 arbitrariae,
795 2331 959 2409 sunt'ergo

62 2409 163 2488 tales,
186 2414 260 2498 quia
277 2413 362 2481 Deus
380 2417 500 2496 voluit,
524 2435 574 2480 eas
597 2409 662 2480 esse
672 2417 774 2488 tales,
799 2429 829 2476 et
850 2411 958 2476 insoni

60 2498 234 2590 intellectui
262 2501 390 2582 divino,
422 2506 495 2591 quia
518 2503 624 2582 Deus,
655 2501 706 2569 'eas
730 2504 850 2577 inesse,
878 2499 958 2565 vuit.
1008 2565 1009 2568 ,

62 2585 206 2676 Ideoque
237 2611 334 2674 quum
370 2593 515 2656 voluntas
543 2592 603 2657 D'ei
625 2591 656 2654 in
678 2591 737 2654 bac
764 2612 796 2654 re
822 2603 959 2674 ponatur
1025 2587 1027 2590 ⁴

62 2673 175 2754 libera,
192 2699 255 2742 non
273 2695 449 2770 repugnat,
470 2679 544 2744 aiias
565 2683 662 2744 inesse
679 2677 853 2744 intellectui
871 2675 960 2740 divi-

63 2785 105 2827 no
122 2763 223 2843 ideas,
249 2772 344 2855 quain
362 2791 444 2856 quae
460 2769 585 2846 insunt,
608 2767 697 2853 quod
715 2767 884 2831 absurdum
901 2781 960 2830 est.
985 2816 987 2820 .

61 2845 327 2947 igituressentia
357 2879 462 2922 rerum
488 2873 559 2922 sunt
591 2875 759 2933 aeternae,
790 2861 960 2936 earumque

7 2962 16 3019 J
45 2941 231 3008 'aeternitas
258 2965 276 3008 a
302 2945 373 3012 Deo
399 2962 458 3012 est.
482 2945 607 3010 Etenim
635 2966 736 3010 rerum
766 2941 900 3006 essentia
928 2943 960 3003 in

70 3029 244 3096 earumdem
261 3031 465 3121 possibilitate
481 3031 814 3100 intrinseca'consistit.
834 3029 961 3108 Quam·

115 3115 199 3188 Tum.
218 3118 267 3186 11.
678 3121 706 3188 t.
