2298 3418
8 277 14 284 .
239 209 325 260 rann
348 209 409 260 tta.
432 207 596 260 tociens.
617 209 697 260 oar.
721 207 770 259 rt.
860 207 921 280 ης

78 301 233 370 superare
258 299 426 370 quaestum
448 326 459 361 ,
480 303 579 372 quent
600 283 772 370 concipere
801 299 939 433 possm·

80 393 155 436 mus
195 372 398 450 marimum,
433 371 458 436 si
487 368 650 436 minimum
683 371 763 438 illud
814 389 927 436 uotum

84 483 181 548 saepe
209 459 468 547 multiplicetur,
492 459 647 526 maximus
667 481 745 528 sero
773 473 927 548 quaestus

82 549 126 615 ita
159 550 200 614 sir
233 547 372 616 obtentu
401 545 556 626 difficilis,
584 567 623 615 ut
656 569 791 639 parsum
825 549 927 614 minus

81 654 212 725 superet
245 637 494 726 magnitudine,
518 659 615 728 quam
643 659 663 704 a
694 659 797 728 parvo
830 660 930 724 rupe·

82 744 172 796 ratur
209 725 372 794 facilitate.
419 723 512 794 Idem
547 727 716 794 dicendum
747 727 788 794 de
828 728 940 806 malis,·

84 839 171 906 quae
197 819 373 895 rimemus,
396 815 428 883 id
451 834 526 894 est,
550 819 669 882 malum
694 817 858 884 minimum
877 833 939 882 er-‘

86 906 149 972 iam
175 903 314 970 maximo
333 903 438 984 malo,
462 907 486 970 si
505 905 659 972 infinitum
681 904 763 971 illud
790 926 857 968 non
879 907 935 986 sit,

8 1043 9 1082 3
86 992 220 1084 gravius
250 1013 316 1060 esse
349 1011 493 1084 potest,
524 995 548 1060 si
577 992 726 1060 nimirum
755 993 941 1082 periculum·

87 1097 184 1147 tanto
220 1083 260 1149 sit
287 1083 394 1150 maius.
424 1083 504 1150 Solis
536 1083 700 1163 infinitis,
729 1081 835 1170 qualia
869 1104 942 1150 ase·-¹

90 1173 238 1238 semitas
263 1189 295 1238 er
323 1169 440 1252 salas,
469 1171 555 1240 nulla
580 1171 768 1262 temporalia
794 1187 944 1260 possunt·

88 1260 299 1347 aequiparari.
338 1260 550 1350 Quapropter
585 1263 730 1328 minimus
772 1257 941 1328 facilitatis-

88 1347 208 1439 gradus
240 1349 282 1415 ad
320 1367 479 1416 aeternam
495 1350 639 1418 salutent
672 1349 943 1439 consequendum¹

89 1437 238 1503 omnibus
265 1437 357 1504 bonis
383 1438 614 1526 temporalibus
640 1439 813 1504 certissime
836 1460 938 1526 prae-

89 1525 245 1593 ferendus
274 1543 352 1605 est,
385 1527 614 1616 minimumque
637 1525 851 1592 damnationis
873 1545 941 1614 ped

91 1615 232 1682 ricuium
246 1659 258 1693 ,
287 1637 366 1704 prae
393 1615 544 1682 omnibus
566 1615 661 1681 huius
688 1612 774 1680 vitae
800 1614 940 1693 miseriis,

92 1705 118 1770 si
151 1703 260 1768 solum
298 1723 334 1769 ur
372 1705 452 1771 mala
493 1705 764 1782 considerentur,
798 1700 942 1768 studiose

92 1811 255 1880 cauteque
285 1791 521 1860 declinandum.
560 1796 672 1880 Atque
707 1791 786 1859 haec
814 1789 943 1880 quidem

93 1885 201 1950 omnia
231 1879 273 1948 ad
298 1881 485 1970 religionem
519 1899 552 1949 et
589 1883 743 1972 pietatem
776 1877 944 1947 transferri

95 1986 230 2130 pqssent
245 2015 255 2048 ,
270 1988 303 2074 et
317 1990 430 2039 contra
444 1971 588 2062 perditae
612 1972 696 2039 vitae
710 1971 855 2038 homines
880 1989 943 2035 va*

114 2082 122 2126 r
149 2079 305 2149 surgert.

339 2234 616 2309 ARTICVLVS
648 2233 717 2304 111.

249 2409 307 2482 Dr
324 2417 466 2492 stantia
480 2458 491 2495 ,
507 2417 656 2504 opinione
679 2428 712 2482 et
723 2407 807 2501 fide.
935 2427 939 2444 ¹

115 2609 265 2766 Siquis
291 2677 545 2767 propositionem
571 2677 791 2746 demonstrare
816 2677 955 2756 noverit,

113 2768 138 2833 is
155 2789 225 2834 earn
241 2769 325 2834 scire
344 2767 472 2834 dicitur.
490 2767 637 2836 Serennia
652 2768 747 2857 igitur
764 2784 813 2834 est
831 2791 840 2831 a
856 2766 955 2832 habi*-

114 2873 169 2923 tas
195 2855 448 2922 demonstrandi
469 2855 529 2934 id,
555 2855 647 2945 quod
670 2853 881 2937 affirmamur
905 2848 958 2917 nel

116 2965 283 3034 negamur.
310 2944 362 3010 Er
384 2944 445 3010 hac
471 2943 622 3010 scientiae
647 2943 834 3010 delinitione
861 2941 959 3005 colli·-
