2258 3428
226 203 268 271 86
466 217 649 268 meretvr.
681 197 818 266 natans.
892 197 899 210 '

221 313 301 373 tur,
330 290 360 356 in
382 289 460 378 ipsis
482 289 651 354 individuis
681 309 730 354 est
757 309 812 353 aut
842 307 908 355 esse
934 279 1061 376 pote'in'

221 404 299 470 ergo
325 398 450 465 praeter
472 399 569 443 voces
598 396 629 443 et
657 377 803 442 notiones
825 397 898 442 sunt
924 377 954 440 in
980 377 1047 463 ipsis

220 469 391 535 individuis
423 484 554 532 naturae
586 467 743 554 quaedam
769 471 952 532 communes
980 483 1048 531 ante

220 579 347 622 omnem
374 555 484 621 mentia
512 557 743 642 operationem.
777 554 872 620 Prob.
902 556 975 620 min.
1002 552 1046 631 ld,

221 647 312 735 quod
333 645 485 710 terminus
508 643 692 708 universalis
710 643 863 730 signifieat
879 654 897 722 ,⁴
921 662 953 709 et
968 645 1047 706 notio

219 737 396 798 communis
411 750 627 821 repraesentat
643 777 652 811 ‚
676 733 716 797 de
738 731 908 797 individuis
923 756 995 798 vere
1008 728 1048 795 af·

219 823 333 887 firmari
360 819 490 908 putem
522 823 576 888 sed
592 820 681 908 quod
704 840 812 908 potest
828 823 866 888 de
888 819 1047 886 individuis

179 909 184 916 “
220 910 395 992 affirmari,
422 911 453 976 in
480 911 645 976 individuis
674 912 753 974 inest
780 929 835 973 aut
862 911 963 977 inesse
993 931 1048 996 po·

218 1018 305 1076 test3
330 1023 406 1090 ergo
429 998 519 1087 quod
535 1000 664 1064 notione
685 998 853 1064 universali
875 1019 1048 1088 repraesen-

122 1090 126 1096 ’
218 1106 307 1154 tatur
334 1093 364 1153 in
390 1090 465 1177 ipsis
495 1086 664 1154 individuis
689 1105 736 1152 est
761 1104 817 1151 aut
847 1108 918 1154 esse
938 1103 1047 1174 potest.

217 1177 261 1243 Et
287 1197 374 1244 certe
407 1199 463 1242 nec
491 1173 635 1241 definitio
661 1196 719 1240 nee
748 1176 977 1241 demonstratio
1005 1173 1021 1260 f
1033 1211 1048 1223 -

153 1267 157 1272 ’
218 1289 253 1332 re
280 1269 343 1330 ulia
371 1265 404 1330 fit
428 1264 627 1330 de'uoeibus
651 1281 707 1328 aut
730 1264 806 1330 ideis
834 1267 975 1344 nostris,
1000 1262 1048 1328 sed

219 1355 260 1420 de
285 1351 376 1418 rebus
401 1355 504 1442 ipsis,
531 1359 613 1442 quae
629 1375 685 1440 per
712 1372 875 1417 vocesant
904 1357 986 1420 ideas
1000 1375 1047 1418 ex·
1102 1363 1105 1405 Γ

219 1443 412 1532 primuntur.
444 1443 625 1532 Dnmenim
655 1441 750 1504 homo
773 1443 922 1508 definitur
944 1441 1047 1506 animal

219 1534 395 1610 rationale,
412 1553 467 1598 aut
486 1531 744 1608 demonstratur,
758 1531 893 1616 animam
912 1555 980 1620 esyse
998 1533 1046 1594 im·

220 1626 386 1688 mortalem
405 1666 414 1698 ,
446 1643 502 1685 nec
517 1637 807 1708 vocemquattuor
822 1633 887 1683 ‘ant
916 1624 1047 1708 quinque

220 1711 329 1776 litteris
344 1710 605 1798 eomprehensam
621 1753 630 1784 ‚
647 1731 704 1774 nec
720 1708 830 1774 mentis
843 1729 971 1777 nostrae
986 1729 1047 1798 per-

220 1805 400 1886 ceptionem
419 1815 472 1860 ant
491 1798 591 1862 ideam
609 1798 760 1876 definire,
789 1819 847 1865 nec
862 1799 901 1864 de
919 1823 955 1864 ea
968 1795 1046 1885 quid·

220 1909 316 1971 quam
346 1888 562 1951 demonstrare
592 1878 749 1952 volumus.
779 1885 866 1974 Ergo
894 1886 943 1954 his
972 1886 1047 1950 voci·

171 2001 177 2007 ·
220 1971 278 2037 bus
307 1991 361 2046 aut
376 1976 450 2038 ideis
480 1975 584 2039 subest
602 1991 712 2062 natura
739 1979 893 2063 quaedam
910 1995 1047 2046 commue

219 2057 291 2140 nis]
321 2067 401 2146 quae
428 2063 601 2141 definitur,
627 2063 679 2130 uel
707 2059 747 2128 de
770 2087 833 2149 qua
859 2059 1047 2152 aii‘qnid'de·

219 2153 424 2218 monstratur.
453 2151 616 2218 Tandema
638 2173 735 2240 quum
750 2151 879 2218 scientia
896 2157 936 2219 sii
948 2155 988 2222 de
1002 2175 1047 2216 re-

220 2239 292 2304 bus'
311 2237 561 2318 uniuersalibus,
588 2241 615 2304 ‘si
643 2253 767 2328 praeter
794 2263 890 2306 voces
912 2261 944 2311 et
969 2243 1047 2306 ideas
1101 2261 1105 2324 j

183 2408 192 2420 .
219 2330 343 2396 nulium
366 2353 432 2397 esse
450 2325 680 2396 univers'ale'in
703 2328 795 2394 rebus
820 2329 920 2417 ipsis,
951 2325 1047 2396 scien·

220 2422 282 2485 tiae
299 2420 452 2484 humanae
480 2421 509 2481 in
536 2419 667 2484 vocibus
682 2436 737 2484 ant
761 2417 836 2485 ideis
858 2417 964 2487 forent
990 2439 1048 2507 po·
1104 2476 1105 2485 ,

219 2507 299 2574 sitae
316 2555 324 2588 ,
349 2531 411 2571 non
425 2509 456 2576 in
472 2507 564 2581 rebus
579 2511 651 2598 ipsis
665 2553 682 2584 ‚‚
700 2507 789 2595 quod
806 2525 853 2574 est
867 2508 1047 2574 absurdum.
1098 2559 1103 2580 .,

286 2595 381 2661 Prob.
412 2617 440 2660 2.
467 2595 547 2682 pars'.
577 2597 701 2662 Scilicet
726 2617 798 2662 ante
816 2597 941 2664 munem
961 2617 1054 2686 men·¹
1099 2595 1103 2668 J

208 2683 257 2749 uis
283 2685 499 2772 operationem
516 2686 633 2749 nuliam
657 2705 725 2750 esse
747 2704 890 2751 naturam
912 2682 1048 2750 formali·
1099 2684 1101 2690 '

215 2793 265 2840 ter
283 2774 512 2848 universalem,
539 2773 594 2838 sed
618 2793 740 2838 tantum
763 2772 1047 2847 fundamentaliter,
1097 2769 1105 2846 i

216 2880 253 2926 ut
292 2863 390 2927 aiunt.
429 2861 597 2948 Quidquid
636 2863 765 2942 existit,
802 2859 858 2930 est*
883 2859 1069 2934 formaliter.

165 2989 168 2994 -
214 2949 370 3042 singulare·
393 2971 447 3017 seu
468 2949 652 3018 omnimode
671 2951 961 3036 *determinatum
996 2947 1062 3015 sed‘
1095 3009 1103 3056 ξ

635 3113 644 3138 X
