2258 3428
243 144 306 192 112
494 137 683 186 rusrlrva'.
705 137 837 188 muns.

240 211 335 284 dendi
356 209 520 278 affectatio
544 211 576 276 in
600 231 636 275 ea
658 231 738 278 voce
771 209 922 276 mentiris
942 208 1048 276 includi·

241 318 317 385 tur,
334 323 412 389 ,qua
439 299 474 363 fit
504 315 541 365 ut
569 300 702 388 quisque
728 299 780 364 illa
807 299 910 364 soleat
947 298 1051 380 offendi,

240 383 306 456 non
333 411 409 454 vero
438 388 496 453 ista
521 388 687 466 oratione,
702 386 786 453 diris
810 381 915 452 aliter
940 411 977 454 ac
997 413 1053 454 rer·

240 483 309 546 tis.-
330 499 407 564 ergo
429 481 555 564 piaeter
584 476 793 565 principalem
817 475 1066 564 significationen,

242 589 309 632 vox
341 565 402 629 ista
438 568 584 630 mentiris
607 564 699 628 aliam
734 567 928 630 accesoriam
958 587 991 630 ex
1013 587 1067 632 usn

242 644 423 742 adiunctam
437 652 543 720 haber.
559 653 706 720 Similiter
719 674 813 719 voces
830 653 985 741 plurimae
993 674 1067 742 prae·

241 761 292 824 ter
319 765 384 808 rem
412 757 562 830 turpem,
589 764 684 829 quam
714 743 867 830 primario
893 743 1065 829 significant,

242 829 471 918 impudentiam
495 847 526 898 et
550 831 788 919 protervitatem
811 829 976 918 loquentis
999 829 1042 896 ref
1053 867 1066 882 -

241 938 317 1008 runt
343 943 381 986 ex
407 943 478 986 usu·
505 920 549 984 Et
575 919 647 986 inde
672 921 726 1000 fit,
748 939 783 986 ut
806 919 965 1008 quaedam
989 941 1068 985 voces

241 1010 336 1076 certis
370 1006 566 1095 temporibus
607 1007 757 1074 honestae
798 1025 833 1076 et
867 1010 1070 1090 verecundae,

246 1093 249 1103 ¹
269 1118 355 1164 ostea
371 1120 409 1164 ex
426 1117 484 1162 usu
502 1095 637 1162 evadant
650 1097 808 1163 obscenae
824 1114 854 1164 et
867 1095 1072 1184 impudentes.

241 1121 346 1254 buius
375 1187 418 1250 rei
444 1183 524 1250 ratio
549 1184 626 1250 haec
653 1204 720 1265 est,
748 1185 839 1274 quod
865 1185 942 1252 dum
976 1189 1076 1274 aliquo

244 1275 358 1342 affectu
386 1273 551 1352 ducimur,
578 1273 733 1352 vocibus,
759 1274 876 1361 quibus
913 1295 962 1338 res
1003 1278 1079 1362 ipsas

169 1437 171 1440 ¹
243 1363 390 1428 volumus
415 1363 608 1450 significare,
638 1363 914 1428 accommodamus
946 1383 1101 1454 gestum„

244 1469 356 1518 tonum
372 1468 538 1539 totamque
552 1453 697 1538 corporis
723 1451 941 1518 habitudinem
956 1501 968 1531 ,
983 1455 1026 1516 ita
1048 1467 1078 1514 ut

243 1542 406 1630 primariae
431 1543 517 1606 vocis
539 1540 757 1629 significationi
779 1540 935 1606 accedant
963 1559 1077 1606 nostru·

243 1629 516 1718 rumaffectuum
545 1629 687 1714 indicia,
715 1651 797 1716 quae
825 1629 1081 1719 significationem

243 1720 450 1808 principalem
476 1738 610 1806 augent,
642 1721 786 1785 minuunt
815 1739 847 1784 et
876 1719 983 1783 multis
1013 1739 1080 1784 rno-

242 1807 292 1872 dis
316 1806 448 1869 variant.
477 1806 632 1874 Nimirum
659 1829 739 1891 quae
761 1805 878 1886 nefaria
898 1824 972 1872 sunt
999 1827 1031 1874 et
1049 1804 1085 1868 il-

243 1895 327 1958 licita
352 1892 391 1972 ab
410 1892 587 1960 hominibus
604 1888 711 1984 probis
728 1895 938 1974 damnantur,
956 1895 1085 1984 impro-

244 1980 292 2048 bis
318 1980 466 2068 placents
490 1983 583 2070 prpbi
606 2005 697 2072 gestu
721 2003 752 2052 et
776 2003 856 2050 tono
879 1985 968 2048 vocis
995 1981 1088 2063 nesae

244 2071 290 2138 ria
313 2067 484 2151 exhibent,
512 2093 547 2138 ut
573 2071 688 2140 nefaria
714 2092 746 2140 et
771 2073 826 2138 sibi
852 2075 1004 2160 ingrata;
1034 2074 1090 2136 im·

242 2161 339 2248 probi
367 2183 466 2241 vero,
490 2179 525 2226 ut
547 2181 637 2252 grata
661 2181 692 2228 et
713 2163 808 2227 licita.
828 2161 932 2231 Vnde
955 2158 1092 2226 tandem

222 2269 320 2312 rusus
350 2246 443 2330 fecit,
470 2269 506 2314 ut
534 2252 660 2340 quoties
685 2251 833 2338 leguntur
860 2267 892 2314 et
912 2250 1093 2316 audiuntur

148 2374 155 2410 ·,
241 2359 343 2428 ¹uoces
363 2339 456 2415 illae,
477 2341 590 2424 quibus
613 2341 748 2427 improbi
769 2362 841 2406 cum
866 2355 1093 2426 certogestu,

245 2448 332 2493 certa
355 2418 573 2494 modulatione
601 2430 688 2510 vocis
717 2449 783 2494 rem
811 2444 935 2514 turpem
957 2446 991 2491 et
1022 2446 1095 2514 pra·

246 2537 322 2578 vum
345 2513 493 2578 affectum
516 2537 610 2581 suurn
633 2519 735 2582 solent
758 2517 956 2603 exprimere;
978 2515 1094 2580 statim

243 2605 276 2666 in
302 2620 406 2669 mente
429 2603 583 2669 excitetur
606 2604 809 2671 obscenitatis
837 2621 868 2670 et
889 2605 1099 2669 inverecun-

244 2691 316 2755 diae
342 2689 529 2774 impressio,
556 2691 649 2758 etiam
678 2694 756 2758 dum
777 2693 823 2759 ab
855 2693 1031 2780 ingenuis,
1065 2705 1099 2756 et

240 2777 333 2846 ideae
360 2781 550 2846 accessoriae
575 2779 687 2870 ignaris
716 2780 895 2848 hoquibus
926 2780 993 2846 sine
1030 2801 1103 2845 eo-

244 2867 318 2936 dem
334 2886 447 2958 gestu,
464 2871 529 2936 sine
544 2871 655 2936 eadem
671 2875 759 2936 vocis
775 2870 995 2950 modulatione
1010 2888 1103 2957 pro,-
