2270 3416
143 96 207 181 156
258 169 265 178 ,
424 119 604 170 msxrxvx.
629 119 759 168 sartos.

138 207 210 253 uem
235 187 459 271 exhibeamus,
485 213 582 258 unum
598 210 684 257 extra
700 191 831 256 alterum
847 186 1047 254 considera-

138 278 315 344 mus‘Fieri
330 280 410 345 enim
427 303 491 343 non
506 297 634 367 potest,
654 297 690 344 ut
707 300 755 344 res
779 279 858 342 duas
876 294 1043 364 tamquam

36 417 42 428 .
138 383 233 430 unam
259 384 291 431 et
308 368 396 430 simul
413 387 574 457 tamquam
597 370 673 434 duas
689 367 905 454 imaginemur.
925 364 1044 452 ltaque

50 479 54 488 ·
138 471 188 516 res
213 455 318 536 plures
345 457 506 536 diversas,
534 479 694 544 tamquam
717 458 808 520 simul
835 456 1044 534 coniunctas,

139 539 491 629 nobislrepraesentare
504 569 566 609 non
585 565 767 629 possumus,
787 544 847 608 nisi.
859 564 897 608 ex
914 543 970 606 illa
989 565 1042 608 re·
1120 603 1121 618 ,

138 648 208 692 rum
223 629 402 700 diversitate
416 633 569 720 simulque
585 634 808 698 coniunctione
829 633 954 694 oriatur
978 653 1043 695 no-

139 716 184 779 tio
207 720 382 806 quaedam,
409 745 504 808 quam
531 725 726 788 extensionis
746 720 911 783 notionem
930 719 1040 784 dicunt
1121 754 1122 759 ι

116 803 324 882 ,Ιτὶῐιιιὶιίιιιί
353 809 472 875 Exilia
497 810 686 877 extensionis
708 811 837 873 notione
851 808 909 883 lit,
937 825 977 873 ut
1002 809 1041 870 li·

139 913 217 958 neae
233 897 449 964 extensionem
475 899 609 983 aliquam
627 899 812 962 tribuamus.
830 895 945 960 Plures
962 899 1040 961 enim

137 979 169 1042 in
192 1004 228 1048 ea
244 1004 348 1070 patres
370 987 623 1064 consideramus,
639 1009 719 1075 quas
735 1005 875 1050 seorsum
890 986 1039 1049 existen·

137 1084 185 1134 tes
210 1072 370 1152 videmus,
393 1076 549 1162 simulque
563 1075 745 1138 coniunctas
761 1090 793 1137 et
813 1093 913 1135 unum
932 1089 1041 1138 totum

81 1205 84 1212 -
137 1163 489 1228 constituentes.‘Hinc
517 1165 655 1228 nascitur
681 1157 817 1248 vulgaris
846 1160 918 1224 idea
947 1162 1045 1248 spatii

139 1248 227 1332 quod
245 1250 333 1315 nobis
357 1269 620 1336 repraesentamus
644 1270 804 1336 tamquam
820 1269 874 1312 ens
892 1249 1039 1334 aliquod.
1122 1289 1123 1298 κ

138 1333 169 1398 Si
184 1337 264 1399 enim
280 1359 328 1405 res
342 1338 480 1406 diversas
498 1342 704 1404 coexistentes
719 1336 925 1422 imaginemur
933 1382 947 1415 ,
970 1338 1041 1401 nul·

138 1422 168 1486 la
190 1424 415 1492 coexistentiae
446 1431 566 1494 ratione
592 1423 932 1503 habita,ulhilominus
962 1447 1040 1512 per-

137 1530 282 1579 severare
295 1513 385 1579 nobis
401 1516 527 1582 videtur
542 1537 595 1581 ens
614 1515 712 1592 illud,
726 1514 815 1598 quod
829 1515 971 1600 spatium
986 1511 1040 1578 di·
1122 1519 1123 1546 ³

136 1600 244 1666 cimus.
265 1604 389 1669 Verum
409 1625 468 1680 nro
482 1621 572 1671 certo
599 1603 715 1668 habent
741 1599 933 1677 leibnitium,
961 1622 1040 1684 spa·
1122 1631 1123 1678 5

136 1689 213 1753 tium
235 1690 311 1754 nihil
333 1692 521 1772 aliudesse,
548 1714 643 1780 quam
665 1698 767 1756 rerum
792 1689 1040 1754 coitistentium
1122 1697 1123 1768 ἶ

135 1777 300 1857 ordinem,
317 1776 414 1868 idque
431 1781 587 1845 illustrant
605 1779 752 1864 exemplo
768 1797 986 1842 numerorum.
1007 1779 1037 1841 Si
1122 1791 1123 1832 ἒ

136 1885 186 1930 res
202 1865 341 1932 diversae
362 1870 603 1936 considerantur
618 1885 780 1956 tamquam
796 1865 1039 1946 multitudinem

115 1977 119 1982 ·
136 1953 274 2042 aliquam
294 1958 541 2036 constituentes,
560 1956 680 2020 omissis
703 1973 764 2042 per
780 1956 1038 2019 abstractionem

136 2061 240 2106 rerum
267 2042 389 2109 illarum
420 2045 654 2136 qualitatibus·
671 2045 720 2108 vel
749 2041 1039 2108 determinationi·

90 2173 93 2178 ·
137 2129 197 2195 bus
207 2176 220 2209 ,
235 2129 295 2196 iam
318 2130 471 2198 formatur
488 2133 556 2200 idea
575 2133 702 2196 numeri.
724 2131 770 2194 At'
788 2129 845 2194 nisi
870 2128 954 2194 foret
969 2151 1038 2195 rea·

137 2215 174 2283 lis
204 2220 324 2286 entium
346 2222 536 2299 multitudo,
559 2219 664 2284 nullus
684 2219 833 2284 existeret
853 2218 945 2282 realis
977 2239 1038 2284 nu·

138 2325 242 2372 merus
255 2354 266 2388 ,
281 2309 336 2374 sed
351 2311 469 2376 numeri
483 2307 588 2376 forent
602 2308 767 2372 dumtaxat
779 2304 954 2390 possibiles.
971 2303 1040 2394 Igi-

138 2409 190 2459 tur
213 2419 312 2484 quum
340 2416 390 2463 tot
408 2399 544 2466 existant
568 2397 735 2460 dumtaxat
764 2395 923 2472 unitates„
955 2411 1038 2482 quot

81 2487 82 2490 ’
139 2499 212 2548 sunt
234 2495 376 2551 res‘actu
398 2489 585 2562 existentes,
603 2485 644 2548 ita
662 2485 754 2548 etiam
771 2503 835 2545 uon
853 2481 959 2566 plnres
974 2503 1036 2552 ex·
1122 2537 1123 2542 ,

95 2628 97 2643 ,
138 2568 239 2636 istunt
261 2577 352 2658 spatii
380 2591 484 2663 partes
509 2573 666 2646 actuales,
696 2590 790 2658 quam
821 2591 901 2654 quae
932 2591 1034 2635 rerum

138 2673 211 2724 actu
238 2664 435 2727 existentium
457 2663 568 2727 ordine
585 2661 788 2746 designantur
814 2657 877 2733 ita,
904 2675 939 2722 ut
956 2657 1035 2721 sub-

138 2743 206 2807 lato
221 2747 332 2826 ordine
352 2750 426 2826 illo,
443 2752 549 2815 nullae
572 2749 603 2810 in
632 2746 735 2830 spatio
765 2761 872 2831 partes
897 2747 1035 2810 actuales

139 2828 261 2896 admitti
285 2837 433 2919 possint,
444 2837 529 2914 Quia
552 2855 636 2899 vero*
650 2854 697 2898 res
718 2849 753 2896 ut
770 2851 907 2914 cumque
922 2833 1036 2896 multas

138 2912 296 3004 imaginari
312 2939 479 3008 possumus
499 2939 540 2987 ‘et
560 2922 600 2985 ab
615 2921 737 2984 illatum
759 2919 1037 2988 determinationi.·

136 2997 197 3070 bus
212 3007 427 3076 abstrahere:
453 3001 528 3075 ilinc
552 3009 691 3076 nascitur
705 3007 776 3072 idea
791 3005 880 3096 spatii
905 3005 1048 3092 minim*
