2264 3420
284 121 370 178 rnna
392 123 423 172 ιι
439 121 596 174 urrann.
622 121 699 172 car.
718 124 767 174 ιι.
920 132 967 204 49

5 211 22 270 n
76 193 966 289 cintsuperatepossit.Vixautemccncipitelexplicari

5 319 21 366 :r
76 305 215 378 potest,
234 287 257 352 si
274 306 378 352 motus
394 287 446 352 iile
456 283 591 374 produci
605 284 728 350 dicator
745 285 866 368 aDeo,
883 313 967 379 qno·

7 377 20 419 '·
78 377 187 444 maudo
202 398 242 440 ea
264 375 335 464 lege
353 393 469 461 corpus
486 374 684 460 animamque
700 374 912 458 coniunxerit,
929 397 966 450 ut

17 503 20 511 ·
86 467 155 554 ipse
176 464 280 531 solnm
298 465 404 530 divina
418 463 450 527 ti
466 481 520 526 sua
536 477 656 526 motum
678 461 810 527 illumin
826 483 966 556 corpore

5 573 19 634 ι
82 553 294 642 produceret,
303 573 399 642 quent
415 549 516 616 anima
529 550 559 614 in
568 569 703 636 corpore
718 549 851 636 produci
868 576 966 646 cupe·
1040 577 1044 584 ’

77 661 148 710 tet.
164 639 271 730 Igitur
294 644 346 706 lex
366 639 417 704 ilia
428 687 441 719 ,
460 659 575 726 quaec
595 639 772 705 cartesiaoit
791 635 963 732 effingitur,

5 773 14 816 ᾗ
73 729 215 798 -admitti
228 750 293 794 non
307 747 427 816 potest;
440 744 537 812 atque
548 723 686 792 rfticirns
698 747 827 792 actuum
838 732 965 800 illorum

10 861 18 899 ς
85 839 188 886 canta
205 837 273 883 nou
286 817 375 882 Dent
398 815 454 882 sed
468 815 603 880 humana
616 817 718 880 anima
733 835 799 882 etse
817 818 964 906 debetett

81 915 146 974 lact
162 923 251 972 certe
264 903 521 993 cortesianitipsis
535 903 757 992 explicandum
769 921 830 984 est,
841 930 899 974 cur
912 911 963 978 da·

13 1021 17 1053 ;
85 1013 126 1061 ta
136 993 300 1060 volitionit
314 993 443 1060 alicuius
453 991 622 1056 occasione
635 992 724 1058 Deus
736 992 909 1082 aliquando
922 1001 964 1065 si.

87 1082 222 1162 milem,
240 1081 409 1170 aliqnando
423 1101 502 1148 veto
513 1079 692 1146 dissimilem
706 1099 896 1168 corporeum
910 1107 966 1153 ac·

5 1167 18 1232 ss
88 1187 165 1237 tum
181 1171 214 1235 in
233 1191 372 1260 corpote
391 1167 571 1246 excitaret,
594 1167 685 1256 quod
701 1170 854 1258 explicari
877 1193 964 1246 cette

89 1281 159 1327 non
172 1259 299 1349 poterit.
312 1259 343 1324 Si
356 1280 434 1326 veto
450 1258 556 1324 dicant
568 1255 745 1336 cortesiani,
755 1279 876 1325 motum
892 1285 965 1332 cot·

83 1369 225 1438 ‚porcum
240 1347 281 1413 ab
296 1346 397 1412 anima
417 1367 492 1412 rere
509 1343 664 1434 produci,
685 1362 717 1410 et
736 1347 868 1414 animam
888 1352 966 1420 dato

6 1490 17 1528 p
87 1435 200 1526 aliquo
217 1457 374 1523 corporeo
390 1451 481 1500 motu
491 1455 566 1500 vere
579 1451 610 1498 et
623 1432 754 1521 proprie
770 1457 861 1525 agere
870 1461 880 1517 ;
903 1442 967 1508 iant

6 1515 10 1533 ⁸
91 1526 212 1591 totalis
225 1525 258 1590 in
271 1523 342 1589 tolo
355 1526 481 1588 nomine
498 1521 600 1608 posita
614 1539 660 1587 est
669 1569 681 1600 ,
696 1539 728 1587 et
743 1543 855 1591 cautae
871 1549 967 1594 occa-

89 1613 218 1680 sionalis
228 1633 345 1679 nomen
357 1629 531 1699 usurpent,
543 1631 601 1698 pet
615 1631 672 1674 nos
689 1609 772 1676 licet.
786 1613 832 1690 At
847 1635 966 1685 revera

5 1701 8 1774 ζ’
93 1702 130 1768 in
148 1700 352 1794 hypothesim
375 1700 513 1764 influxus
527 1697 655 1787 physici
673 1697 865 1770 relabuntur.

161 1793 286 1858 obiret.
297 1811 329 1879 5.
343 1789 457 1856 Saltem
474 1786 651 1852 harmoniae
664 1789 894 1874 praestabiliter
909 1792 968 1883 hy·

8 1900 10 1910 ¹
94 1878 238 1968 pothesit
252 1878 294 1946 ab
305 1875 494 1944 enumeratis
506 1875 713 1944 incommodis
726 1875 820 1943 libera
835 1882 968 1949 ⁴omnino

6 2028 13 2043 ,
83 1983 156 2033 cst.
173 1966 215 2032 Et
234 1966 363 2055 quidem
387 1965 420 2028 in
444 1965 503 2028 hac
528 1963 700 2052 hypothesi
714 1965 773 2029 iam
795 1970 968 2056 explicata,

6 2050 13 2132 J'
92 2055 267 2122 humanum
284 2075 402 2142 corpus
419 2052 669 2140 independenter
684 2051 724 2116 ab
743 2055 844 2122 anima
862 2077 968 2126 motut

6 2135 12 2224 Ϊ
82 2165 170 2210 ιειιοι
183 2163 377 2231 suorumque
389 2160 517 2208 actuum
532 2141 641 2206 seriem
655 2140 823 2226 producit,
835 2165 865 2211 et
881 2149 922 2212 tic
936 2165 970 2212 a·-

6 2235 10 2316 J
80 2234 181 2300 mima
200 2253 325 2298 suatum
341 2232 567 2318 cogitationum
583 2228 692 2293 seriem
712 2225 813 2307 elicit,
837 2235 971 2318 perinde

6 2323 10 2404 T
81 2343 136 2388 ,ac
150 2321 176 2385 si
192 2321 268 2386 nulli
284 2320 410 2408 corpori
426 2320 594 2396 coniuncta
610 2332 701 2380 estet.
716 2313 828 2400 Itaque
841 2319 907 2384 duo
924 2322 971 2387 itti

6 2413 7 2424 ¹
93 2405 736 2496 corporeorummctuumetcopitaticaum
745 2407 968 2480 ordinettinrui

96 2495 279 2588 eodemque
289 2516 432 2585 tempore
440 2515 643 2583 peraguntur,
652 2492 715 2556 nnn
730 2499 927 2582 quodanirtta
938 2503 971 2568 ia

6 2653 7 2664 y
94 2607 220 2673 eorpus
235 2605 291 2651 aut
303 2606 422 2674 corpus
437 2585 469 2648 in
484 2585 616 2650 animam
632 2583 784 2664 influere,
799 2608 973 2675 ageremu-

6 2671 7 2684 ³
82 2667 302 2762 torqueanus
316 2675 488 2757 imprimere
499 2670 713 2754 :retransferre
726 2675 975 2758 possinEva'net·
1010 2704 1012 2710 ·

95 2765 343 2860 citergoptima
354 2760 540 2838 difficultas,
549 2759 750 2848 concipiendi
761 2764 895 2841 sedicet,
908 2781 974 2853 qua

99 2854 224 2921 ratione
239 2873 356 2940 corpus
372 2853 402 2914 itt
417 2851 548 2915 animam
561 2867 593 2914 et
609 2853 709 2916 anima
720 2851 750 2912 in
764 2871 879 2937 corpur
889 2850 974 2940 agai.

85 2941 232 3009 ›Deinde
242 2940 406 3007 harmonia
417 2940 467 3004 iiia
479 2937 693 3028 praestabilita
707 2953 884 3004 esttanruttt
896 2932 977 3010 intdr

86 3049 212 3098 motos
224 3048 400 3186 corporeos
412 3028 674 3116 etperceptioues
685 3027 819 3109 animator
827 3025 974 3111 annuet)

148 3119 236 3188 Tam.
258 3118 282 3186 1
301 3166 309 3185 .
684 3115 716 3178 D
