2300 3506
295 169 436 227 ΜΗ.
460 175 625 223 noctuas.
650 175 726 225 cnr.
755 177 784 224 ῐ.
920 181 957 253 53

112 239 308 336 principium
331 249 415 314 illud
444 267 483 313 ex
515 246 601 311 nulla
635 247 769 336 imagine
800 267 960 340 corporea

115 338 292 401 necessario
316 338 472 424 pendere.

57 436 58 442 ’
128 457 140 466 --
162 422 282 512 λὶςῐῑιπ
298 447 337 492 err
363 427 451 491 dictis
462 437 584 511 patet,
612 421 771 510 duplicem
793 445 860 492 esse
884 429 955 494 ori-

117 513 216 600 ginem
232 537 285 580 seu
309 513 455 605 iontem,
480 511 565 575 unde
580 531 666 576 mens
683 513 738 576 sibi
754 512 840 599 ideas
856 534 955 581 com-

114 621 216 686 parat.
230 604 322 667 Alius
332 619 380 669 est
391 602 540 678 sensatio,
553 619 631 684 quae
643 620 747 665 rerum
758 603 956 673 sensibilium

112 689 202 757 ideas
223 691 411 781 suppeditat
427 717 437 768 ς
455 689 544 753 -alius
559 707 664 754 autern
684 691 842 769 reflexio,
874 715 956 780 quae

112 783 235 845 animae
252 782 437 868 suppeditat
452 779 538 842 ideas
552 777 722 844 abstractas
739 824 750 856 ‚
771 781 956 870 intelligibi⁴

113 866 159 932 ies
191 887 289 956 atque
317 891 420 934 rerum
451 865 671 954 spiritualium.
701 867 870 934 Praeterea
903 895 956 938 re-

113 957 212 1020 iletrio
229 977 338 1021 rursus
353 955 473 1044 duplex
491 973 560 1032 est;
584 953 635 1019 vel
648 953 731 1019 eninr
749 951 956 1026 difficiliorem

114 1043 572 1133 ratiocinationem-postulat,
599 1044 652 1110 vel
677 1041 797 1114 facilem
824 1045 955 1112 dumta-

116 1152 176 1198 xat
193 1135 320 1198 rationis
336 1155 453 1210 usum3
485 1134 527 1196 ita
544 1147 580 1195 ut
596 1130 715 1196 hornini
732 1151 818 1198 recta
837 1137 956 1204 ratione

117 1217 219 1286 latenti
244 1245 292 1288 res
317 1219 409 1287 facile
434 1238 567 1308 pateat,
592 1238 690 1308 atque
709 1220 787 1288 baec
810 1226 957 1290 reflexio·
1019 1217 1022 1226 ⁴

115 1309 165 1374 nis
194 1309 325 1376 facilitas
354 1311 430 1376 satis
445 1328 516 1386 est,
549 1325 585 1374 ut
608 1309 692 1374 ideas
710 1310 826 1396 aliquas
846 1313 956 1402 aliquo

114 1397 214 1464 modo
242 1403 364 1464 innatas
393 1399 546 1464 dicamus.
582 1398 625 1461 At
654 1393 677 1462 si
707 1399 796 1465 ideae
828 1399 955 1468 innatae

115 1489 264 1554 dicantur
289 1491 456 1554 dumtaxat
485 1487 630 1550 notiones
656 1485 750 1563 illae,
781 1511 862 1573 quae
892 1491 956 1554 sine

115 1579 181 1639 ulla
196 1580 396 1654 attentione,
418 1577 484 1642 tine
497 1576 564 1638 ullo
580 1574 710 1637 rationis
724 1593 783 1636 usu
800 1573 890 1637 nobis
909 1575 958 1640 in·

118 1681 219 1742 sunt3
248 1665 324 1729 tales
340 1665 426 1730 ideas
442 1663 579 1730 existere
601 1662 731 1726 ornnino
748 1683 912 1751 negamus.

120 1871 124 1878 ·
145 1794 491 1908 'succussus
514 1769 913 1907 ontncrrouss.
944 1881 947 1888 ,

185 2015 311 2082 Obiere.
338 2037 365 2080 r.
391 2035 504 2082 contra
530 2037 564 2083 1..
581 2014 796 2080 conclusionis
824 2035 958 2104 partem.

116 2101 211 2168 idem
236 2124 308 2172 esto
332 2105 485 2171 iudicium
506 2103 546 2170 de
574 2104 786 2170 ceterisideis
813 2104 958 2171 intellec:
1050 2151 1053 2158 -

117 2191 284 2271 tualibus,
312 2215 348 2257 ac
372 2195 413 2260 de
437 2195 507 2260 idea
531 2193 611 2259 entis
637 2193 836 2280 generatim
869 2195 959 2284 atqui

114 2282 186 2348 idea
204 2282 284 2348 entis
308 2285 479 2370 generatim
496 2280 616 2367 pendet
632 2301 671 2346 ex
691 2279 854 2355 sensibus,
886 2282 958 2346 fonss

115 2389 223 2434 matut
241 2367 336 2436 'enim
364 2393 422 2459 per
446 2370 728 2436 abstractionema
749 2368 957 2456 singularibus

116 2474 150 2522 et
178 2459 352 2525 individuis
382 2457 595 2547 corporibus:
638 2479 714 2546 ergo
753 2459 853 2522 omnis
887 2457 958 2526 idea

116 2547 241 2634 pendet
266 2571 305 2613 ex
327 2547 481 2612 sensibus.
509 2545 612 2634 Resp.
638 2547 710 2610 dist.
734 2545 959 2636 probationem

119 2635 466 2724 min.„Formatur·per
483 2634 730 2700 abstractionem
744 2657 760 2700 a
775 2635 868 2702 rebus
885 2647 960 2724 cot'7

48 2803 51 2807 .
117 2723 228 2810 poreis
243 2743 273 2789 et
290 2725 530 2811 spiritualibus,
555 2724 595 2788 C.
623 2724 695 2787 min.
712 2769 723 2802 ,
745 2747 803 2812 per
819 2724 960 2790 abstrac·

118 2813 240 2878 tionem
257 2837 275 2876 a
290 2813 384 2878 rebus
397 2812 558 2898 corporeis
573 2828 723 2891 tanturn,
753 2813 798 2876 N.
824 2813 899 2874 min.
929 2825 961 2876 et

116 2921 211 2966 eous.
243 2901 308 2966 Ens
336 2904 507 2991 generatim
532 2900 663 2967 dicimus
683 2899 724 2964 -id
749 2900 840 2986 quod
855 2915 962 2985 potest
1038 2903 1040 2906 ’
