2258 3428
232 173 275 252 84
474 187 660 236 rusrrrvr.
694 189 827 236 umens.
901 233 904 238 .

121 258 125 266 ’
214 275 281 326 ‘mo
297 258 442 327 dubitare
456 281 564 348 potest
580 309 590 340 ,
618 260 693 346 quin
709 259 963 350 independenter
978 283 1061 327 aco·

215 350 384 440 ‘gitatione
402 367 509 414 nostra
534 351 564 413 in
582 347 751 414 individuis
775 347 970 433 reperiantur
988 352 1065 438 plu-

228 461 261 504 ra
279 439 477 520 essentialia,
494 461 576 525 quae
590 437 633 504 oh
654 459 740 502 suam
754 439 987 504 similitudinem
1003 461 1064 506 una

229 527 405 615 eademque
422 527 553 593 notione
568 544 702 613 possunt
716 527 949 610 ,repraesentari
972 571 982 606 ,
1010 545 1065 594 at-

254 640 293 682 ue
318 639 335 682 a
358 615 673 682 determinationibus
690 615 885 695 numericis,
915 637 999 704 quae
1014 617 1062 681 in·

212 639 357 771 'dividua
375 703 598 782 constituunt,
615 702 766 792 separari.
783 705 917 769 Certum
933 725 1063 792 quoque

228 809 278 858 est
306 817 343 858 ac
371 795 593 880 perspicuum,
620 813 655 857 ea
680 791 784 855 onmia
810 813 891 879 quae
913 793 1060 873 existunt,

227 881 397 967 singularia
415 905 508 958 esse,
539 880 721 966 nullamque
736 897 877 944 naturam
898 883 1062 949 universa·-

90 1030 95 1039 .
127 1005 140 1011 ν
227 971 290 1036 letn
316 989 404 1037 extra
426 967 598 1035 individua
613 969 757 1034 existere.
784 967 826 1034 Et
842 968 920 1036 haec
936 970 1062 1054 quidem

228 1080 333 1148 pauca
356 1055 534 1125 sufficerent
557 1057 598 1122 ad
627 1055 813 1121 solvendam
834 1059 1061 1142 quaestionem,

228 1149 288 1212 nisi
315 1169 379 1214 rem
407 1146 579 1211 admodum
606 1143 728 1210 facilem
753 1147 813 1210 suis
837 1147 1062 1235 disputationi·

228 1235 288 1300 bus
312 1257 478 1318 operosam
502 1255 539 1298 ac
568 1231 723 1298 difficilem
748 1231 895 1300 fecissent
917 1235 1063 1300 scholas·

212 1327 293 1390 tici.
323 1323 444 1388 Eorum
478 1322 642 1409 opiniones
672 1319 868 1401 referemus,
898 1343 1062 1414 receptum

226 1413 259 1478 in
285 1413 397 1477 scholis
424 1433 542 1476 morem
572 1430 695 1475 serrare
722 1413 911 1489 studentes,
938 1413 1063 1502 etquid

227 1501 269 1568 de
290 1501 349 1566 illis
365 1501 568 1567 statuendum
585 1501 646 1575 sit,
673 1499 905 1566 exercitationis
922 1499 1063 1588 philoso-

156 1611 181 1670 j
226 1591 342 1682 phicae
373 1613 468 1656 causa
493 1587 735 1654 declarabimus.
839 1601 840 1606 ’
1079 1640 1081 1643 .

253 1677 320 1744 χΙΙ.
365 1679 499 1762 ltaque
524 1677 648 1753 stoici,
683 1675 728 1738 sic
770 1675 846 1740 dicti
885 1699 903 1740 a
936 1680 1064 1764 porticu

228 1771 283 1830 diri
314 1777 364 1830 ris
391 1770 478 1826 reneis
493 1811 503 1842 ,
536 1765 567 1826 in
592 1785 658 1852 quo
674 1764 814 1850 ipsorum
832 1767 977 1853 magister
996 1765 1065 1833 Ze'-

226 1875 270 1918 no
301 1855 426 1919 citrieus
460 1851 594 1918 Athenis
625 1851 791 1930 docebat,
828 1857 949 1918 nullom
979 1855 1065 1920 aliud

212 1942 406 2010 '’universale
422 1953 545 2027 praeter
561 1959 738 2026 conceptus
756 1961 881 2004 nostros
908 1944 957 2008 vel
977 1943 1062 2010 ideas

225 2030 257 2094 in
282 2027 386 2098 mente
411 2047 519 2093 nostra
538 2047 785 2116 repraesentatas
812 2030 936 2096 admitti
965 2053 1065 2120 opor·

226 2135 318 2196 tere,
344 2135 547 2186 censuerunt.
580 2117 631 2182 llli
657 2139 733 2182 vero
759 2116 960 2206 philosophi,
983 2141 1064 2209 quos

225 2209 258 2272 S.
280 2207 420 2280 Thomas
436 2203 615 2272 nominales
629 2206 790 2292 appellat,
809 2227 922 2294 negant
936 2229 1064 2296 praeter

102 2368 108 2376 ,
225 2318 322 2364 voces
347 2298 523 2386 quidquam
551 2315 618 2360 esse
634 2296 820 2378 universale.
851 2297 975 2362 Contra
997 2318 1066 2364 sen·

204 2384 309 2452 ‘tiunt
338 2387 368 2450 S.
399 2385 544 2450 Thomae
562 2401 593 2449 et
611 2385 694 2458 Scoti
711 2383 875 2470 discipuli,
903 2386 957 2472 qui
974 2407 1067 2472 prae·
1118 2409 1119 2428 ³

224 2493 273 2540 ter
306 2492 402 2538 voces
440 2489 472 2536 et
506 2491 708 2558 conceptus,¹
735 2492 883 2536 naturas
911 2475 1066 2560 quasdam

225 2582 412 2626 communes
439 2560 468 2622 in
491 2560 658 2626 individuis
686 2563 852 2626 existentes
876 2580 1068 2650 agnoscunt,
1118 2555 1119 2624 l

225 2672 299 2716 cum
329 2649 392 2714 hoc
420 2665 525 2713 tamen
554 2649 758 2726 discrimine,
789 2649 879 2738 quod
912 2651 1069 2717 sentinae

223 2757 352 2803 naturas
368 2737 408 2802 ah
425 2737 588 2802 intellectu
609 2738 802 2802 universales
817 2735 881 2800 non
897 2739 962 2804 fieri
976 2739 1070 2806 exis-

224 2827 357 2903 timenr.;
387 2825 575 2891 Thornisrac
604 2847 680 2889 vero
710 2845 854 2890 naturam
880 2847 1007 2893 omnem
1035 2827 1069 2893 in
1118 2867 1119 2890 t

223 2915 302 3006 ipsis
325 2913 494 2983 lndividuis
519 2931 718 2981 contractam
744 2934 783 2981 ac
804 2915 994 3004 singularem
1008 2938 1071 2982 es·
1118 2933 1119 2940 ¹
