<?xml version="1.0" encoding="UTF-8"?>
<!DOCTYPE html PUBLIC "-//W3C//DTD XHTML 1.0 Transitional//EN"
    "http://www.w3.org/TR/xhtml1/DTD/xhtml1-transitional.dtd">
<html xmlns="http://www.w3.org/1999/xhtml" xml:lang="en" lang="en">
 <head>
  <title>
</title>
<meta http-equiv="Content-Type" content="text/html;charset=utf-8" />
  <meta name='ocr-system' content='tesseract 3.04.00' />
  <meta name='ocr-capabilities' content='ocr_page ocr_carea ocr_par ocr_line ocrx_word'/>
</head>
<body>
  <div class='ocr_page' id='page_1' title='image "./institutionesph00jacqgoog_0346.png"; bbox 0 0 2326 3438; ppageno 0'>
   <div class='ocr_carea' id='block_1_1' title="bbox 9 157 1033 2973">
    <p class='ocr_par' dir='ltr' id='par_1_1' title="bbox 9 157 935 1820">
     <span class='ocr_line' id='line_1_1' title="bbox 253 157 929 220; baseline 0.009 -16"><span class='ocrx_word' id='word_1_1' title='bbox 253 157 337 204; x_wconf 70' lang='lat' dir='ltr'>sans</span> <span class='ocrx_word' id='word_1_2' title='bbox 364 159 394 204; x_wconf 84' lang='grc' dir='ltr'>ι.</span> <span class='ocrx_word' id='word_1_3' title='bbox 418 159 576 220; x_wconf 66' lang='lat' dir='ltr'>masnata.⁴</span> <span class='ocrx_word' id='word_1_4' title='bbox 598 159 672 210; x_wconf 71' lang='lat' dir='ltr'>cna.</span> <span class='ocrx_word' id='word_1_5' title='bbox 701 160 753 206; x_wconf 86' lang='lat' dir='ltr'>rr.</span> <span class='ocrx_word' id='word_1_6' title='bbox 891 163 929 210; x_wconf 73' lang='grc' dir='ltr'><strong><em>Μ</em></strong></span> 
     </span>
     <span class='ocr_line' id='line_1_2' title="bbox 84 224 934 307; baseline 0.005 -15"><span class='ocrx_word' id='word_1_7' title='bbox 84 224 324 292; x_wconf 86' lang='lat' dir='ltr'>subtilissimum</span> <span class='ocrx_word' id='word_1_8' title='bbox 346 227 385 293; x_wconf 85' lang='lat' dir='ltr'>ab</span> <span class='ocrx_word' id='word_1_9' title='bbox 406 251 471 292; x_wconf 89' lang='lat' dir='ltr'>uno</span> <span class='ocrx_word' id='word_1_10' title='bbox 496 230 630 307; x_wconf 85' lang='lat' dir='ltr'>termino</span> <span class='ocrx_word' id='word_1_11' title='bbox 649 229 688 294; x_wconf 93' lang='lat' dir='ltr'>ad</span> <span class='ocrx_word' id='word_1_12' title='bbox 719 229 855 302; x_wconf 79' lang='lat' dir='ltr'>alterum</span> <span class='ocrx_word' id='word_1_13' title='bbox 881 253 934 296; x_wconf 89' lang='lat' dir='ltr'>us·</span> 
     </span>
     <span class='ocr_line' id='line_1_3' title="bbox 9 317 935 402; baseline 0.01 -27"><span class='ocrx_word' id='word_1_14' title='bbox 9 355 11 390; x_wconf 62' lang='grc'><strong>,</strong></span> <span class='ocrx_word' id='word_1_15' title='bbox 87 337 159 402; x_wconf 88' lang='lat' dir='ltr'>que</span> <span class='ocrx_word' id='word_1_16' title='bbox 191 335 365 397; x_wconf 77' lang='lat' dir='ltr'>extensum.</span> <span class='ocrx_word' id='word_1_17' title='bbox 404 317 513 397; x_wconf 83' lang='lat' dir='ltr'>Quare</span> <span class='ocrx_word' id='word_1_18' title='bbox 549 317 699 384; x_wconf 81' lang='lat' dir='ltr'>differunt</span> <span class='ocrx_word' id='word_1_19' title='bbox 738 317 821 384; x_wconf 85' lang='lat' dir='ltr'>entia</span> <span class='ocrx_word' id='word_1_20' title='bbox 862 318 935 384; x_wconf 88' lang='lat' dir='ltr'>fieta</span> 
     </span>
     <span class='ocr_line' id='line_1_4' title="bbox 91 401 935 490; baseline 0.008 -22.38"><span class='ocrx_word' id='word_1_21' title='bbox 91 403 134 468; x_wconf 87' lang='lat' dir='ltr'>ab</span> <span class='ocrx_word' id='word_1_22' title='bbox 151 401 345 490; x_wconf 76' lang='lat' dir='ltr'>imaginariis.</span> <span class='ocrx_word' id='word_1_23' title='bbox 377 405 503 472; x_wconf 85' lang='lat' dir='ltr'>Etenim</span> <span class='ocrx_word' id='word_1_24' title='bbox 525 407 648 471; x_wconf 81' lang='lat' dir='ltr'>entibus</span> <span class='ocrx_word' id='word_1_25' title='bbox 664 405 744 470; x_wconf 86' lang='lat' dir='ltr'>lictis</span> <span class='ocrx_word' id='word_1_26' title='bbox 765 406 935 474; x_wconf 77' lang='lat' dir='ltr'>existentia</span> 
     </span>
     <span class='ocr_line' id='line_1_5' title="bbox 96 493 930 582; baseline 0.007 -26"><span class='ocrx_word' id='word_1_27' title='bbox 96 509 274 580; x_wconf 80' lang='lat' dir='ltr'>repugnat:</span> <span class='ocrx_word' id='word_1_28' title='bbox 308 493 371 560; x_wconf 80' lang='lat' dir='ltr'>enti</span> <span class='ocrx_word' id='word_1_29' title='bbox 386 512 493 560; x_wconf 84' lang='lat' dir='ltr'>autem</span> <span class='ocrx_word' id='word_1_30' title='bbox 509 495 692 582; x_wconf 80' lang='lat' dir='ltr'>imaginario</span> <span class='ocrx_word' id='word_1_31' title='bbox 707 515 770 571; x_wconf 87' lang='lat' dir='ltr'>non</span> <span class='ocrx_word' id='word_1_32' title='bbox 789 494 930 568; x_wconf 86' lang='lat' dir='ltr'>tribuun-</span> 
     </span>
     <span class='ocr_line' id='line_1_6' title="bbox 94 581 930 670; baseline 0.008 -28"><span class='ocrx_word' id='word_1_33' title='bbox 94 594 166 658; x_wconf 87' lang='lat' dir='ltr'>tur,</span> <span class='ocrx_word' id='word_1_34' title='bbox 197 581 253 644; x_wconf 89' lang='lat' dir='ltr'>nisi</span> <span class='ocrx_word' id='word_1_35' title='bbox 278 603 337 660; x_wconf 83' lang='lat' dir='ltr'>ea,</span> <span class='ocrx_word' id='word_1_36' title='bbox 361 604 442 668; x_wconf 88' lang='lat' dir='ltr'>quae</span> <span class='ocrx_word' id='word_1_37' title='bbox 465 583 528 648; x_wconf 90' lang='lat' dir='ltr'>enti</span> <span class='ocrx_word' id='word_1_38' title='bbox 546 605 620 658; x_wconf 82' lang='lat' dir='ltr'>vero</span> <span class='ocrx_word' id='word_1_39' title='bbox 644 601 859 670; x_wconf 70' lang='lat' dir='ltr'>competunt,</span> <span class='ocrx_word' id='word_1_40' title='bbox 887 586 930 649; x_wconf 87' lang='lat' dir='ltr'>il-</span> 
     </span>
     <span class='ocr_line' id='line_1_7' title="bbox 93 667 935 762; baseline 0.013 -30"><span class='ocrx_word' id='word_1_41' title='bbox 93 667 216 757; x_wconf 89' lang='lat' dir='ltr'>liusque</span> <span class='ocrx_word' id='word_1_42' title='bbox 233 668 318 734; x_wconf 86' lang='lat' dir='ltr'>vices</span> <span class='ocrx_word' id='word_1_43' title='bbox 343 687 465 758; x_wconf 80' lang='lat' dir='ltr'>gerunt.</span> <span class='ocrx_word' id='word_1_44' title='bbox 492 667 541 737; x_wconf 89' lang='lat' dir='ltr'>Ita</span> <span class='ocrx_word' id='word_1_45' title='bbox 567 673 595 739; x_wconf 91' lang='lat' dir='ltr'>in</span> <span class='ocrx_word' id='word_1_46' title='bbox 620 673 756 750; x_wconf 79' lang='lat' dir='ltr'>notionis</span> <span class='ocrx_word' id='word_1_47' title='bbox 782 675 935 762; x_wconf 82' lang='lat' dir='ltr'>imagina-</span> 
     </span>
     <span class='ocr_line' id='line_1_8' title="bbox 90 755 935 848; baseline 0.009 -28"><span class='ocrx_word' id='word_1_48' title='bbox 90 755 157 822; x_wconf 78' lang='lat' dir='ltr'>riae</span> <span class='ocrx_word' id='word_1_49' title='bbox 184 757 333 843; x_wconf 83' lang='lat' dir='ltr'>exenrplo</span> <span class='ocrx_word' id='word_1_50' title='bbox 364 761 564 846; x_wconf 78' lang='lat' dir='ltr'>praecedenti</span> <span class='ocrx_word' id='word_1_51' title='bbox 595 762 695 824; x_wconf 89' lang='lat' dir='ltr'>lineae</span> <span class='ocrx_word' id='word_1_52' title='bbox 725 781 831 830; x_wconf 79' lang='lat' dir='ltr'>rectae</span> <span class='ocrx_word' id='word_1_53' title='bbox 861 783 935 848; x_wconf 87' lang='lat' dir='ltr'>pos-</span> 
     </span>
     <span class='ocr_line' id='line_1_9' title="bbox 89 844 934 936; baseline 0.002 -26"><span class='ocrx_word' id='word_1_54' title='bbox 89 844 274 914; x_wconf 79' lang='lat' dir='ltr'>sibilitatem</span> <span class='ocrx_word' id='word_1_55' title='bbox 290 848 505 930; x_wconf 82' lang='lat' dir='ltr'><strong>concipimus,</strong></span> <span class='ocrx_word' id='word_1_56' title='bbox 523 870 623 936; x_wconf 89' lang='lat' dir='ltr'>quum</span> <span class='ocrx_word' id='word_1_57' title='bbox 640 848 726 920; x_wconf 85' lang='lat' dir='ltr'>filum</span> <span class='ocrx_word' id='word_1_58' title='bbox 756 849 934 934; x_wconf 82' lang='lat' dir='ltr'>quodcum·</span> 
     </span>
     <span class='ocr_line' id='line_1_10' title="bbox 87 935 933 1022; baseline 0.005 -24"><span class='ocrx_word' id='word_1_59' title='bbox 87 957 158 1022; x_wconf 79' lang='lat' dir='ltr'>que</span> <span class='ocrx_word' id='word_1_60' title='bbox 189 936 318 1000; x_wconf 81' lang='lat' dir='ltr'>extendi</span> <span class='ocrx_word' id='word_1_61' title='bbox 349 956 442 1021; x_wconf 90' lang='lat' dir='ltr'>posse</span> <span class='ocrx_word' id='word_1_62' title='bbox 468 937 608 1022; x_wconf 83' lang='lat' dir='ltr'><strong>liqueat:</strong></span> <span class='ocrx_word' id='word_1_63' title='bbox 639 935 770 1014; x_wconf 84' lang='lat' dir='ltr'>modum</span> <span class='ocrx_word' id='word_1_64' title='bbox 801 940 933 1008; x_wconf 85' lang='lat' dir='ltr'>metien-</span> 
     </span>
     <span class='ocr_line' id='line_1_11' title="bbox 88 1023 932 1114; baseline 0.002 -24"><span class='ocrx_word' id='word_1_65' title='bbox 88 1023 128 1090; x_wconf 87' lang='lat' dir='ltr'>di</span> <span class='ocrx_word' id='word_1_66' title='bbox 152 1043 268 1089; x_wconf 87' lang='lat' dir='ltr'>rectam</span> <span class='ocrx_word' id='word_1_67' title='bbox 287 1023 484 1113; x_wconf 79' lang='lat' dir='ltr'>intelligimus</span> <span class='ocrx_word' id='word_1_68' title='bbox 504 1069 526 1098; x_wconf 85' lang='lat'>‚.</span> <span class='ocrx_word' id='word_1_69' title='bbox 544 1046 612 1096; x_wconf 83' lang='lat' dir='ltr'>earn</span> <span class='ocrx_word' id='word_1_70' title='bbox 634 1026 665 1088; x_wconf 90' lang='lat' dir='ltr'>in</span> <span class='ocrx_word' id='word_1_71' title='bbox 688 1044 932 1114; x_wconf 72' lang='lat' dir='ltr'>partes·aequa·&#39;</span> 
     </span>
     <span class='ocr_line' id='line_1_12' title="bbox 92 1109 935 1200; baseline 0.005 -26"><span class='ocrx_word' id='word_1_72' title='bbox 92 1109 142 1176; x_wconf 88' lang='lat' dir='ltr'>les</span> <span class='ocrx_word' id='word_1_73' title='bbox 166 1128 198 1176; x_wconf 85' lang='lat' dir='ltr'>et</span> <span class='ocrx_word' id='word_1_74' title='bbox 220 1113 397 1200; x_wconf 79' lang='lat' dir='ltr'>inaequales</span> <span class='ocrx_word' id='word_1_75' title='bbox 419 1111 582 1180; x_wconf 85' lang='lat' dir='ltr'>dividendi</span> <span class='ocrx_word' id='word_1_76' title='bbox 606 1111 872 1200; x_wconf 83' lang='lat' dir='ltr'>possibilitatem,</span> <span class='ocrx_word' id='word_1_77' title='bbox 898 1131 935 1180; x_wconf 86' lang='lat' dir='ltr'>et</span> 
     </span>
     <span class='ocr_line' id='line_1_13' title="bbox 88 1187 933 1286; baseline 0.007 -24"><span class='ocrx_word' id='word_1_78' title='bbox 88 1187 268 1286; x_wconf 75' lang='lat' dir='ltr'>quaesunt</span> <span class='ocrx_word' id='word_1_79' title='bbox 290 1199 469 1270; x_wconf 89' lang='lat' dir='ltr'>huiusmodi</span> <span class='ocrx_word' id='word_1_80' title='bbox 485 1201 543 1268; x_wconf 91' lang='lat' dir='ltr'>alia</span> <span class='ocrx_word' id='word_1_81' title='bbox 559 1247 570 1280; x_wconf 85' lang='lat'><em>,</em></span> <span class='ocrx_word' id='word_1_82' title='bbox 593 1202 801 1276; x_wconf 86' lang='lat' dir='ltr'>advertimus.</span> <span class='ocrx_word' id='word_1_83' title='bbox 832 1203 860 1266; x_wconf 86' lang='lat' dir='ltr'>Si</span> <span class='ocrx_word' id='word_1_84' title='bbox 877 1224 933 1270; x_wconf 58' lang='lat' dir='ltr'>ere</span> 
     </span>
     <span class='ocr_line' id='line_1_14' title="bbox 93 1291 933 1378; baseline 0.005 -27"><span class='ocrx_word' id='word_1_85' title='bbox 93 1309 139 1376; x_wconf 82' lang='lat' dir='ltr'>go</span> <span class='ocrx_word' id='word_1_86' title='bbox 160 1308 348 1372; x_wconf 81' lang='lat' dir='ltr'>caveamus,</span> <span class='ocrx_word' id='word_1_87' title='bbox 374 1291 415 1358; x_wconf 83' lang='lat' dir='ltr'>de</span> <span class='ocrx_word' id='word_1_88' title='bbox 429 1292 511 1356; x_wconf 89' lang='lat' dir='ltr'>linea</span> <span class='ocrx_word' id='word_1_89' title='bbox 526 1307 611 1357; x_wconf 87' lang='lat' dir='ltr'>tecta</span> <span class='ocrx_word' id='word_1_90' title='bbox 628 1312 690 1354; x_wconf 93' lang='lat' dir='ltr'>non</span> <span class='ocrx_word' id='word_1_91' title='bbox 714 1291 769 1353; x_wconf 87' lang='lat' dir='ltr'>nisi</span> <span class='ocrx_word' id='word_1_92' title='bbox 784 1312 819 1359; x_wconf 86' lang='lat' dir='ltr'>ea</span> <span class='ocrx_word' id='word_1_93' title='bbox 836 1313 933 1378; x_wconf 86' lang='lat' dir='ltr'>prae·-</span> 
     </span>
     <span class='ocr_line' id='line_1_15' title="bbox 93 1375 934 1467; baseline -0.005 -26"><span class='ocrx_word' id='word_1_94' title='bbox 93 1375 192 1441; x_wconf 85' lang='lat' dir='ltr'>dioari</span> <span class='ocrx_word' id='word_1_95' title='bbox 218 1400 338 1465; x_wconf 90' lang='lat' dir='ltr'>posse,</span> <span class='ocrx_word' id='word_1_96' title='bbox 365 1401 444 1464; x_wconf 89' lang='lat' dir='ltr'>quae</span> <span class='ocrx_word' id='word_1_97' title='bbox 470 1378 511 1444; x_wconf 84' lang='lat' dir='ltr'>ad</span> <span class='ocrx_word' id='word_1_98' title='bbox 534 1378 575 1442; x_wconf 86' lang='lat' dir='ltr'>lili</span> <span class='ocrx_word' id='word_1_99' title='bbox 602 1379 831 1467; x_wconf 82' lang='lat' dir='ltr'>longitudinem</span> <span class='ocrx_word' id='word_1_100' title='bbox 861 1400 934 1465; x_wconf 68' lang='lat' dir='ltr'>per-</span> 
     </span>
     <span class='ocr_line' id='line_1_16' title="bbox 89 1466 932 1546; baseline -0.001 -16"><span class='ocrx_word' id='word_1_101' title='bbox 89 1467 219 1544; x_wconf 80' lang='lat' dir='ltr'>tinent,</span> <span class='ocrx_word' id='word_1_102' title='bbox 249 1487 313 1530; x_wconf 91' lang='lat' dir='ltr'>non</span> <span class='ocrx_word' id='word_1_103' title='bbox 332 1469 429 1534; x_wconf 91' lang='lat' dir='ltr'>modo</span> <span class='ocrx_word' id='word_1_104' title='bbox 450 1488 575 1532; x_wconf 88' lang='lat' dir='ltr'>omnem</span> <span class='ocrx_word' id='word_1_105' title='bbox 598 1468 710 1534; x_wconf 88' lang='lat' dir='ltr'>erroris</span> <span class='ocrx_word' id='word_1_106' title='bbox 727 1466 932 1546; x_wconf 11' lang='lat' dir='ltr'>uoocasionern</span> 
     </span>
     <span class='ocr_line' id='line_1_17' title="bbox 93 1551 932 1643; baseline -0.001 -24"><span class='ocrx_word' id='word_1_107' title='bbox 93 1552 313 1633; x_wconf 85' lang='lat' dir='ltr'>declinamus,</span> <span class='ocrx_word' id='word_1_108' title='bbox 341 1555 509 1636; x_wconf 82' lang='lat' dir='ltr'>sedetiam</span> <span class='ocrx_word' id='word_1_109' title='bbox 528 1555 715 1643; x_wconf 78' lang='lat' dir='ltr'>longitudini</span> <span class='ocrx_word' id='word_1_110' title='bbox 738 1551 859 1640; x_wconf 79' lang='lat' dir='ltr'>absque</span> <span class='ocrx_word' id='word_1_111' title='bbox 879 1555 932 1628; x_wconf 73' lang='lat' dir='ltr'>la,-</span> 
     </span>
     <span class='ocr_line' id='line_1_18' title="bbox 94 1639 933 1729; baseline -0.001 -24"><span class='ocrx_word' id='word_1_112' title='bbox 94 1639 233 1708; x_wconf 89' lang='lat' dir='ltr'>titudine</span> <span class='ocrx_word' id='word_1_113' title='bbox 257 1643 483 1729; x_wconf 85' lang='lat' dir='ltr'>concipiendae</span> <span class='ocrx_word' id='word_1_114' title='bbox 514 1644 743 1721; x_wconf 78' lang='lat' dir='ltr'>assuescimus,</span> <span class='ocrx_word' id='word_1_115' title='bbox 772 1659 804 1706; x_wconf 87' lang='lat' dir='ltr'>et</span> <span class='ocrx_word' id='word_1_116' title='bbox 829 1663 848 1708; x_wconf 85' lang='lat' dir='ltr'>a</span> <span class='ocrx_word' id='word_1_117' title='bbox 874 1661 933 1704; x_wconf 91' lang='lat' dir='ltr'>no·</span> 
     </span>
     <span class='ocr_line' id='line_1_19' title="bbox 94 1730 874 1820; baseline -0.004 -26"><span class='ocrx_word' id='word_1_118' title='bbox 94 1730 184 1796; x_wconf 83' lang='lat' dir='ltr'>tione</span> <span class='ocrx_word' id='word_1_119' title='bbox 212 1731 388 1820; x_wconf 82' lang='lat' dir='ltr'>imaginaria</span> <span class='ocrx_word' id='word_1_120' title='bbox 416 1730 456 1796; x_wconf 91' lang='lat' dir='ltr'>ad</span> <span class='ocrx_word' id='word_1_121' title='bbox 481 1732 594 1798; x_wconf 88' lang='lat' dir='ltr'>realem</span> <span class='ocrx_word' id='word_1_122' title='bbox 619 1731 825 1808; x_wconf 52' lang='lat' dir='ltr'>deducimurr</span> <span class='ocrx_word' id='word_1_123' title='bbox 872 1779 874 1784; x_wconf 94' lang='lat'><em>.</em></span> 
     </span>
    </p>

    <p class='ocr_par' dir='ltr' id='par_1_2' title="bbox 56 1813 1033 2973">
     <span class='ocr_line' id='line_1_20' title="bbox 91 1813 932 1906; baseline -0.001 -26"><span class='ocrx_word' id='word_1_124' title='bbox 91 1873 95 1880; x_wconf 92' lang='lat'><em>.</em></span> <span class='ocrx_word' id='word_1_125' title='bbox 141 1813 189 1887; x_wconf 87' lang='lat' dir='ltr'>II.</span> <span class='ocrx_word' id='word_1_126' title='bbox 235 1820 264 1884; x_wconf 87' lang='lat' dir='ltr'>Si</span> <span class='ocrx_word' id='word_1_127' title='bbox 279 1841 334 1888; x_wconf 88' lang='lat' dir='ltr'>ens</span> <span class='ocrx_word' id='word_1_128' title='bbox 356 1819 487 1906; x_wconf 85' lang='lat' dir='ltr'>aliquod</span> <span class='ocrx_word' id='word_1_129' title='bbox 502 1820 672 1906; x_wconf 90' lang='lat' dir='ltr'>concipere</span> <span class='ocrx_word' id='word_1_130' title='bbox 690 1820 864 1898; x_wconf 84' lang='lat' dir='ltr'>volumus,</span> <span class='ocrx_word' id='word_1_131' title='bbox 899 1814 932 1889; x_wconf 87' lang='lat' dir='ltr'>in</span> 
     </span>
     <span class='ocr_line' id='line_1_21' title="bbox 97 1904 934 1994; baseline -0.002 -20"><span class='ocrx_word' id='word_1_132' title='bbox 97 1904 148 1974; x_wconf 66' lang='lat' dir='ltr'>eo&#39;</span> <span class='ocrx_word' id='word_1_133' title='bbox 170 1909 304 1994; x_wconf 86' lang='lat' dir='ltr'>primum</span> <span class='ocrx_word' id='word_1_134' title='bbox 333 1909 524 1974; x_wconf 86' lang='lat' dir='ltr'>considerari</span> <span class='ocrx_word' id='word_1_135' title='bbox 548 1909 668 1974; x_wconf 88' lang='lat' dir='ltr'>debent</span> <span class='ocrx_word' id='word_1_136' title='bbox 698 1907 852 1984; x_wconf 77' lang='lat' dir='ltr'>attributa</span> <span class='ocrx_word' id='word_1_137' title='bbox 880 1928 934 1981; x_wconf 75' lang='lat' dir='ltr'>es·</span> 
     </span>
     <span class='ocr_line' id='line_1_22' title="bbox 96 1993 937 2085; baseline 0.006 -26"><span class='ocrx_word' id='word_1_138' title='bbox 96 1996 259 2075; x_wconf 86' lang='lat' dir='ltr'>sentialia,</span> <span class='ocrx_word' id='word_1_139' title='bbox 289 1998 369 2065; x_wconf 86' lang='lat' dir='ltr'>inter</span> <span class='ocrx_word' id='word_1_140' title='bbox 394 2020 476 2085; x_wconf 87' lang='lat' dir='ltr'>quae</span> <span class='ocrx_word' id='word_1_141' title='bbox 500 2019 597 2062; x_wconf 89' lang='lat' dir='ltr'>unum</span> <span class='ocrx_word' id='word_1_142' title='bbox 618 1997 796 2084; x_wconf 86' lang='lat' dir='ltr'>investigari</span> <span class='ocrx_word' id='word_1_143' title='bbox 812 1993 937 2072; x_wconf 71' lang='lat' dir='ltr'>debet,</span> 
     </span>
     <span class='ocr_line' id='line_1_23' title="bbox 96 2080 936 2172; baseline 0.001 -24"><span class='ocrx_word' id='word_1_144' title='bbox 96 2085 189 2172; x_wconf 89' lang='lat' dir='ltr'>quod</span> <span class='ocrx_word' id='word_1_145' title='bbox 215 2087 348 2172; x_wconf 89' lang='lat' dir='ltr'>primum</span> <span class='ocrx_word' id='word_1_146' title='bbox 375 2087 405 2149; x_wconf 91' lang='lat' dir='ltr'>in</span> <span class='ocrx_word' id='word_1_147' title='bbox 432 2087 596 2170; x_wconf 86' lang='lat' dir='ltr'>ipsoente</span> <span class='ocrx_word' id='word_1_148' title='bbox 621 2085 812 2171; x_wconf 89' lang='lat' dir='ltr'>concipitur.</span> <span class='ocrx_word' id='word_1_149' title='bbox 845 2080 936 2148; x_wconf 87' lang='lat' dir='ltr'>Illud</span> 
     </span>
     <span class='ocr_line' id='line_1_24' title="bbox 97 2173 935 2262; baseline -0.002 -25"><span class='ocrx_word' id='word_1_150' title='bbox 97 2191 205 2238; x_wconf 87' lang='lat' dir='ltr'>autem</span> <span class='ocrx_word' id='word_1_151' title='bbox 229 2173 409 2262; x_wconf 80' lang='lat' dir='ltr'>primarium</span> <span class='ocrx_word' id='word_1_152' title='bbox 429 2174 614 2242; x_wconf 84' lang='lat' dir='ltr'>attributum</span> <span class='ocrx_word' id='word_1_153' title='bbox 631 2175 798 2242; x_wconf 72' lang='lat' dir='ltr'>essentiam</span> <span class='ocrx_word' id='word_1_154' title='bbox 819 2173 935 2256; x_wconf 86' lang='lat' dir='ltr'>appel·</span> 
     </span>
     <span class='ocr_line' id='line_1_25' title="bbox 97 2259 935 2350; baseline -0.006 -23"><span class='ocrx_word' id='word_1_155' title='bbox 97 2261 210 2327; x_wconf 87' lang='lat' dir='ltr'>lamus.</span> <span class='ocrx_word' id='word_1_156' title='bbox 241 2261 349 2340; x_wconf 84' lang='lat' dir='ltr'>Quum</span> <span class='ocrx_word' id='word_1_157' title='bbox 380 2263 487 2350; x_wconf 86' lang='lat' dir='ltr'>itaque</span> <span class='ocrx_word' id='word_1_158' title='bbox 518 2261 592 2326; x_wconf 88' lang='lat' dir='ltr'>nihil</span> <span class='ocrx_word' id='word_1_159' title='bbox 622 2261 756 2326; x_wconf 85' lang='lat' dir='ltr'>essentia</span> <span class='ocrx_word' id='word_1_160' title='bbox 785 2262 872 2344; x_wconf 89' lang='lat' dir='ltr'>prius</span> <span class='ocrx_word' id='word_1_161' title='bbox 903 2259 935 2322; x_wconf 92' lang='lat' dir='ltr'>in</span> 
     </span>
     <span class='ocr_line' id='line_1_26' title="bbox 98 2344 937 2438; baseline -0.007 -22"><span class='ocrx_word' id='word_1_162' title='bbox 98 2367 172 2416; x_wconf 89' lang='lat' dir='ltr'>ente</span> <span class='ocrx_word' id='word_1_163' title='bbox 196 2351 414 2437; x_wconf 87' lang='lat' dir='ltr'>concipiatur,</span> <span class='ocrx_word' id='word_1_164' title='bbox 443 2373 497 2416; x_wconf 91' lang='lat' dir='ltr'>ens</span> <span class='ocrx_word' id='word_1_165' title='bbox 522 2372 579 2438; x_wconf 89' lang='lat' dir='ltr'>pet</span> <span class='ocrx_word' id='word_1_166' title='bbox 602 2351 764 2414; x_wconf 88' lang='lat' dir='ltr'>essentiam</span> <span class='ocrx_word' id='word_1_167' title='bbox 788 2344 937 2429; x_wconf 84' lang='lat' dir='ltr'>possibile</span> 
     </span>
     <span class='ocr_line' id='line_1_27' title="bbox 56 2435 938 2526; baseline 0 -24"><span class='ocrx_word' id='word_1_168' title='bbox 56 2520 62 2526; x_wconf 85' lang='lat'>.</span> <span class='ocrx_word' id='word_1_169' title='bbox 98 2457 176 2516; x_wconf 88' lang='lat' dir='ltr'>est,</span> <span class='ocrx_word' id='word_1_170' title='bbox 205 2461 242 2510; x_wconf 86' lang='lat' dir='ltr'>ac</span> <span class='ocrx_word' id='word_1_171' title='bbox 266 2439 400 2526; x_wconf 85' lang='lat' dir='ltr'>proinde</span> <span class='ocrx_word' id='word_1_172' title='bbox 428 2442 562 2505; x_wconf 90' lang='lat' dir='ltr'>essentia</span> <span class='ocrx_word' id='word_1_173' title='bbox 588 2439 667 2504; x_wconf 90' lang='lat' dir='ltr'>entis</span> <span class='ocrx_word' id='word_1_174' title='bbox 696 2435 938 2523; x_wconf 82' lang='lat' dir='ltr'>possibilitatem</span> 
     </span>
     <span class='ocr_line' id='line_1_28' title="bbox 87 2522 940 2601; baseline -0.002 -11"><span class='ocrx_word' id='word_1_175' title='bbox 87 2529 168 2596; x_wconf 76' lang='lat' dir='ltr'>‘eius</span> <span class='ocrx_word' id='word_1_176' title='bbox 194 2528 392 2594; x_wconf 82' lang='lat' dir='ltr'>intrinsecam</span> <span class='ocrx_word' id='word_1_177' title='bbox 420 2529 589 2601; x_wconf 80' lang='lat' dir='ltr'>continet,</span> <span class='ocrx_word' id='word_1_178' title='bbox 616 2545 648 2590; x_wconf 88' lang='lat' dir='ltr'>et</span> <span class='ocrx_word' id='word_1_179' title='bbox 673 2524 744 2590; x_wconf 90' lang='lat' dir='ltr'>ideo</span> <span class='ocrx_word' id='word_1_180' title='bbox 772 2522 940 2590; x_wconf 85' lang='lat' dir='ltr'>essentiam</span> 
     </span>
     <span class='ocr_line' id='line_1_29' title="bbox 101 2612 1033 2704; baseline -0.004 -24"><span class='ocrx_word' id='word_1_181' title='bbox 101 2618 181 2686; x_wconf 85' lang='lat' dir='ltr'>entis</span> <span class='ocrx_word' id='word_1_182' title='bbox 208 2617 377 2704; x_wconf 85' lang='lat' dir='ltr'>intelligit,</span> <span class='ocrx_word' id='word_1_183' title='bbox 405 2618 458 2700; x_wconf 92' lang='lat' dir='ltr'>qui</span> <span class='ocrx_word' id='word_1_184' title='bbox 476 2613 714 2703; x_wconf 82' lang='lat' dir='ltr'>possibilitatem</span> <span class='ocrx_word' id='word_1_185' title='bbox 737 2613 804 2680; x_wconf 89' lang='lat' dir='ltr'>eius</span> <span class='ocrx_word' id='word_1_186' title='bbox 828 2612 939 2676; x_wconf 89' lang='lat' dir='ltr'>intrin-</span> <span class='ocrx_word' id='word_1_187' title='bbox 1005 2643 1033 2677; x_wconf 58' lang='grc' dir='ltr'><em>μ</em></span> 
     </span>
     <span class='ocr_line' id='line_1_30' title="bbox 100 2705 942 2797; baseline -0.002 -29"><span class='ocrx_word' id='word_1_188' title='bbox 100 2725 205 2770; x_wconf 87' lang='lat' dir='ltr'>secam</span> <span class='ocrx_word' id='word_1_189' title='bbox 220 2705 376 2797; x_wconf 82' lang='lat' dir='ltr'>agnoscit.</span> <span class='ocrx_word' id='word_1_190' title='bbox 403 2705 591 2770; x_wconf 83' lang='lat' dir='ltr'>Cavendum</span> <span class='ocrx_word' id='word_1_191' title='bbox 608 2719 793 2778; x_wconf 73' lang='lat' dir='ltr'>astantem,</span> <span class='ocrx_word' id='word_1_192' title='bbox 813 2721 850 2766; x_wconf 89' lang='lat' dir='ltr'>ne</span> <span class='ocrx_word' id='word_1_193' title='bbox 867 2723 942 2766; x_wconf 85' lang='lat' dir='ltr'>cre·</span> 
     </span>
     <span class='ocr_line' id='line_1_31' title="bbox 91 2789 943 2882; baseline -0.007 -22"><span class='ocrx_word' id='word_1_194' title='bbox 91 2791 214 2860; x_wconf 66' lang='lat' dir='ltr'>&#39;damus</span> <span class='ocrx_word' id='word_1_195' title='bbox 232 2839 241 2868; x_wconf 85' lang='lat'><strong>‚</strong></span> <span class='ocrx_word' id='word_1_196' title='bbox 264 2793 432 2860; x_wconf 86' lang='lat' dir='ltr'>essentiam</span> <span class='ocrx_word' id='word_1_197' title='bbox 450 2794 528 2858; x_wconf 89' lang='lat' dir='ltr'>entis</span> <span class='ocrx_word' id='word_1_198' title='bbox 544 2809 736 2882; x_wconf 82' lang='lat' dir='ltr'>agnoscere,</span> <span class='ocrx_word' id='word_1_199' title='bbox 762 2790 837 2872; x_wconf 84' lang='lat' dir='ltr'>dum</span> <span class='ocrx_word' id='word_1_200' title='bbox 861 2789 943 2854; x_wconf 87' lang='lat' dir='ltr'>idem</span> 
     </span>
     <span class='ocr_line' id='line_1_32' title="bbox 96 2873 1005 2973; baseline -0.012 -24"><span class='ocrx_word' id='word_1_201' title='bbox 96 2881 254 2973; x_wconf 51' lang='lat' dir='ltr'>possibile,</span> <span class='ocrx_word' id='word_1_202' title='bbox 274 2903 342 2966; x_wconf 82' lang='lat' dir='ltr'>esse</span> <span class='ocrx_word' id='word_1_203' title='bbox 365 2882 579 2970; x_wconf 78' lang='lat' dir='ltr'>agnoscimus.</span> <span class='ocrx_word' id='word_1_204' title='bbox 609 2877 651 2947; x_wconf 86' lang='lat' dir='ltr'>Id</span> <span class='ocrx_word' id='word_1_205' title='bbox 674 2880 758 2958; x_wconf 78' lang='lat' dir='ltr'>enirn</span> <span class='ocrx_word' id='word_1_206' title='bbox 779 2873 947 2944; x_wconf 81' lang='lat' dir='ltr'>manifeste</span> <span class='ocrx_word' id='word_1_207' title='bbox 1001 2919 1005 2926; x_wconf 85' lang='lat'><em>-</em></span> 
     </span>
    </p>
   </div>
   <div class='ocr_carea' id='block_1_2' title="bbox 0 0 1189 3438">
    <p class='ocr_par' dir='ltr' id='par_1_3' title="bbox 0 0 1189 3438">
     <span class='ocr_line' id='line_1_33' title="bbox 0 0 1189 3438; baseline 0 0"><span class='ocrx_word' id='word_1_208' title='bbox 0 0 1189 3438; x_wconf 95' lang='lat' dir='ltr'> </span> 
     </span>
    </p>
   </div>
  </div>
 </body>
</html>
