2264 3414
245 187 293 274 de
486 198 674 255 insntnvn.
704 207 911 257 t‘tntteemt'
983 227 985 254 t

244 279 482 364 etetpneserttm
503 301 520 342 a
540 278 693 353 Cl'erico;
721 299 785 342 non
798 280 981 368 ‚··-inqttam‚
1000 305 1116 352 eon-t

242 370 415 439 neniteum
436 369 588 453 opinione
598 368 904 452 peripateticorum,
931 373 985 458 qui
1004 373 1116 438 nul-i

242 455 287 520 lat
301 455 513 522 admittebant
524 457 611 522 ideae
624 477 704 543 pute
717 455 943 524 intellectuales
958 503 970 540 ‚
998 482 1116 551 quas¹

243 543 369 632 quidem
396 565 454 610 nos
478 544 684 610 admittimus.
897 585 899 590 ·
939 563 956 578 ··
1115 551 1116 578 ³

516 662 715 792 nteit
738 718 796 790 11.
845 779 848 784 .

310 896 368 967 De
383 897 534 969 idearum
548 903 616 968 sive
629 903 790 967 notionum
812 881 1017 1000 differentia.
1039 895 1044 959 ἶ
1097 950 1103 967 .

647 1074 665 1142 I

244 1093 364 1231 Ideae
387 1164 461 1232 sive·
482 1165 628 1231 notiones
653 1165 779 1237 differre
804 1185 937 1254 possunt
954 1168 1008 1234 vel
1023 1191 1095 1236 ra..

240 1251 327 1320 tione
341 1253 476 1344 formae
489 1303 500 1334 ,
523 1256 700 1336 sentiendi,
725 1278 890 1342 quomens
913 1256 980 1320 illas
1005 1279 1094 1344 per·

240 1343 341 1429 cipit,
382 1344 434 1409 vel
459 1345 582 1420 tatione
610 1349 797 1422 materiae,
824 1367 877 1413 seu
908 1345 1004 1428 ipsius
1036 1352 1093 1414 rei

239 1451 505 1518 repraesentatae.
522 1431 736 1498 Differentiam
754 1433 894 1496 idearum
897 1432 1093 1512 formalem

146 1559 148 1568 ,
240 1541 308 1586 eam
332 1520 491 1598 dicimus,
519 1544 600 1606 quae
615 1544 638 1584 a
663 1521 759 1586 modo
782 1521 993 1609 cognoscendi
1016 1523 1094 1589 de„

240 1610 399 1689 sumitut3
426 1610 633 1676 differentiam
660 1632 737 1676 veto
766 1607 971 1675 materialem
992 1609 1090 1682 illam

239 1697 456 1782 appellamus,
483 1721 566 1784 quae
587 1701 627 1764 ab
645 1697 827 1764 earumdem
849 1699 992 1764 idearum
1006 1723 1090 1765 ma-

238 1787 344 1861 teria,
370 1809 426 1852 seu
441 1786 567 1874 abipsa
583 1809 615 1851 te
633 1804 870 1875 repraesentata
891 1804 995 1851 ortum
1012 1790 1089 1853 du·-
1115 1813 1116 1840 ;

239 1873 295 1938 eit.
325 1874 376 1940 De
405 1877 525 1962 gemina
551 1876 674 1939 illatum
704 1875 878 1942 differentia
905 1877 1086 1944 dicendum

239 1961 331 2028 nobis
358 1979 417 2029 est.
435 1963 516 2028 Esto
536 1966 642 2052 igitur:

496 2137 773 2230 nnttcvtvs
796 2138 825 2206 1.

337 2287 403 2386 *De
419 2315 566 2400 formali
595 2317 747 2385 idearum
775 2315 979 2406 differentia.

210 2595 213 2600 “
243 2511 414 2659 Notio,
444 2603 540 2670 quam
567 2582 718 2651 habemus
743 2581 783 2648 de
814 2603 845 2649 te
869 2581 997 2671 aliqua,
1024 2584 1081 2649 vel

237 2668 352 2738 suflicit
377 2671 419 2738 ad
445 2694 510 2737 tem
530 2673 613 2736 illam
641 2671 876 2763 agnoscendam
895 2690 927 2735 et
950 2669 989 2734 ab
1011 2671 1079 2736 aliis

236 2759 500 2839 discernendam,
524 2763 575 2826 vel
591 2785 655 2826 non
671 2760 797 2826 sufficit.
832 2759 915 2824 Hinc
936 2758 1079 2826 nascitur

158 2919 163 2929 ι
235 2849 376 2914 idearum
397 2849 511 2916 divisio
536 2851 568 2914 in
595 2848 711 2916 claras
739 2867 773 2916 et
800 2849 970 2914 obscuras.
1000 2845 1081 2910 Cia·

234 2960 301 3019 tam
317 2938 454 3008 ,dicimus
478 2938 606 3020 ideam,
633 2961 720 3031 quae
735 2935 838 3006 menti
858 2947 954 3002 notas
978 2933 1079 3000 exii-
