2258 3428
245 172 309 241 130
485 163 671 216 Ius'tt'tvt'.
701 165 837 214 tmtos.
1121 191 1122 224 t

237 257 350 310 iuram
370 241 421 304 rei
441 257 504 327 per
533 239 699 304 attributa
727 234 929 304 essentialia.
961 237 1077 306 Nomi-
1121 267 1122 330 p

159 407 164 415 ι
236 355 278 398 ne
298 347 404 394 autern
425 345 557 392 naturae
578 326 630 389 hic
654 326 857 414 intelligenda
877 347 942 390 non
963 348 1016 396 est
1035 351 1079 397 es·

237 421 337 486 sentia
354 414 470 494 realis,
493 417 547 480 sed
561 433 686 479 tantum
702 416 891 494 nominalis,
913 418 1007 504 quod
1023 419 1080 486 iam

147 584 150 588 ¹
237 525 329 572 antea
351 504 585 570 observandum
606 501 677 568 fuit.
703 503 853 569 Definitio
872 503 1082 594 descriptiva

140 611 161 626 ”
235 614 310 664 est:
341 613 426 683 quae
447 597 638 682 semipsum
654 589 813 658 describit
824 615 888 682 per
910 596 1084 662 modorum

153 675 156 682 ’
237 701 340 772 atque
357 681 552 748 relationum
564 675 820 769 possibilitates.
853 679 904 746 Ita
920 683 943 760 si
964 704 1083 762 aurum

238 774 422 839 definiamus
449 770 611 838 metallum
650 772 793 849 flavum,
824 769 1080 854 ductilissinmm,

239 863 330 950 quod
359 881 441 949 aqua
469 863 550 949 regia
580 857 660 924 solvi
690 875 827 946 potest,
856 881 939 945 aqua
972 881 1079 929 autem

235 949 314 1016 sorti
344 973 408 1015 non
442 957 576 1036 potesi5
607 937 751 1012 ‹lebnitio
775 947 826 1013 illa
858 949 976 1014 dicitur
1003 951 1078 1016 (ies-
1121 937 1122 1026 J

238 1040 387 1126 criptiva.
423 1039 548 1102 Contra
580 1055 686 1102 autem
711 1035 853 1102 delinitio
881 1033 940 1102 erit
967 1060 1075 1105 essen-
1121 1039 1122 1124 ζ

154 1147 163 1164 ·’
239 1129 347 1207 tialis,
378 1127 403 1190 si
431 1126 590 1191 bominem
624 1125 807 1190 definiamus
834 1125 948 1190 animal
976 1130 1079 1192 ratio-
1121 1167 1122 1218 p

240 1219 322 1300 nale.
355 1215 438 1293 Quia
473 1221 579 1280 autem
616 1213 785 1279 modorum
819 1230 853 1280 et
888 1213 1079 1283 relationum
1121 1257 1122 1266 κ

238 1303 462 1394 possibilitates
493 1325 533 1369 err
552 1304 640 1386 'ipsis
668 1301 831 1367 attributis
860 1303 1080 1372 essentialibus

241 1395 438 1484 profluunt3
469 1389 691 1477 possibilitates
718 1391 791 1458 illae
819 1391 898 1458 inter
922 1393 1083 1472 attributa

242 1483 417 1549 essentialia
446 1480 599 1548 recenseri
624 1478 718 1545 etiam
743 1498 904 1567 possunt,
932 1503 968 1547 ac
997 1504 1083 1570 pro-

240 1575 315 1638 inde
349 1593 411 1660 pro
448 1591 511 1634 una
546 1567 720 1656 eademque
754 1567 939 1636 definitione
968 1569 1084 1638 haberi

239 1677 377 1750 possunt
405 1657 490 1724 duae
512 1658 582 1723 illae
607 1656 823 1723 definitionum
848 1658 979 1746 species.
1004 1659 1084 1728 Re-

241 1769 367 1836 ceptam
397 1765 502 1813 tamen
537 1749 567 1809 in
599 1745 714 1810 scholis
739 1745 929 1813 ¹divisionem
962 1750 1088 1817 retine·
1121 1761 1122 1812 l

228 1837 357 1900 bimus.
388 1833 545 1911 Quamvis·
567 1851 672 1913 autem
698 1834 840 1900 delinitio
863 1839 915 1902 rei
941 1836 1019 1902 nibil
1048 1861 1086 1906 a·

241 1923 309 1988 liud
322 1925 383 2000 sit,
413 1943 508 2008 quam
524 1921 672 1986 vocabuli
695 1945 759 1988 tem
777 1925 878 2011 ipsam
897 1925 1085 2014 significatr-
1121 1941 1122 1956 ³

241 2015 281 2077 tis
298 2011 493 2100 explicati03
520 2001 603 2076 baec
619 2023 723 2077 tamen
738 2031 811 2078 cum
825 2013 1011 2081 delinitione
1023 2038 1087 2082 no-

240 2107 335 2167 minis
365 2097 522 2166 conlundi
551 2121 617 2162 non
648 2099 754 2167 debet.
782 2100 911 2168 Etenim
927 2101 1088 2172 delinitio
1121 2129 1122 2190 3

239 2194 376 2258 nominis
399 2189 536 2275 explicat
559 2184 746 2278 vulgarem,
774 2207 806 2256 et
835 2193 998 2256 communi
1019 2215 1087 2262 usu

240 2298 401 2368 receptam
413 2275 561 2342 vocabuli
575 2277 841 2365 significationem.
856 2277 1014 2347 Definitio
1022 2305 1089 2350 ats-
1121 2277 1122 2352 l

241 2384 308 2434 tem
329 2371 379 2436 rei
391 2367 532 2453 explicat
547 2387 615 2430 eam
636 2364 785 2431 vocabuli
806 2368 1089 2454 significationem,

242 2479 341 2546 quam
364 2453 475 2540 aliquis
492 2455 523 2516 in
548 2473 652 2521 mente
675 2452 796 2534 babet,
822 2457 865 2522 ita
880 2471 916 2520 ut
934 2457 999 2523 hoc
1014 2481 1091 2525 vo-

244 2545 362 2610 cabulo
386 2542 563 2608 essentiales
584 2541 629 2608 rei
654 2545 799 2610 notiones
814 2563 919 2612 mente
934 2567 1093 2637 concep-

243 2650 292 2696 tas
320 2632 475 2719 exprimat
510 2643 607 2717 atque
641 2631 786 2718 explicet.
820 2634 850 2698 Si
880 2650 989 2703 tamen
1015 2637 1094 2706 de·

240 2721 341 2785 finitio
356 2721 492 2784 nominis
507 2735 655 2783 accurata
670 2721 801 2785 omnino
814 2721 878 2800 sit,
904 2723 947 2788 ita
962 2741 999 2791 ut
1014 2749 1101 2798 rem
1121 2757 1122 2800 3

241 2809 339 2894 ipsam
356 2807 483 2873 nomine
498 2807 700 2896 significatam
723 2807 763 2874 ab
783 2810 843 2875 alia
856 2811 998 2897 qualibet
1011 2815 1099 2880 dis·
1121 2803 1122 2858 3

242 2896 367 2986 tinguat
381 2943 395 2980 ,
422 2895 512 2986 quod
538 2894 670 2988 quidem
695 2899 726 2964 in
751 2898 815 2966 suis
835 2899 998 2968 nominum
1016 2903 1104 2988 du-¹
