2298 3418
253 208 337 256 rans
359 211 389 257 ι.
413 197 574 257 tentarit:
601 183 677 257 cti}
695 187 740 254 ιι.
779 259 782 264 ,
875 211 923 280 ῃ,

74 277 214 345 existat.
233 278 441 367 suppositum
455 297 558 345 autem
577 279 740 345 delinitur:
758 277 918 344 subtran-

73 369 127 432 tia
146 365 328 454 singularis
348 367 466 434 ultimo
478 366 640 456 completa
655 373 709 431 sui
722 371 815 431 iuris.
834 365 922 460 Hine

77 454 253 540 colligitur:
272 477 298 520 ι.
316 460 514 544 suppositum
530 477 598 522 esse
614 456 841 534 substantiam,
855 477 920 540 non

77 542 222 608 modttmt
245 560 287 608 ιι.
311 565 378 612 esse
395 545 602 609 substantiam
622 545 828 632 singularem,
855 563 919 609 non

75 630 284 698 universalem
298 659 308 696 s
326 653 393 698 ιιι.
410 655 479 698 esse
494 631 698 696 substantiam
711 633 921 719 singularem,

76 738 160 806 quae
187 721 228 783 sit⁴
255 721 445 807 principium
471 721 570 784 totale
587 737 628 792 et
656 723 809 810 integrum
843 743 922 803 sua-3

75 827 147 872 rum
173 808 380 874 affectionum
412 825 466 873 aut
496 809 746 897 operationum,
781 811 804 872 si
838 831 920 897 quas

23 941 25 946 ,
68 893 201 978 lrabeat.
230 894 282 962 lta
305 899 503 984 suppositum
531 911 577 960 est
594 902 701 960 *canis
725 913 781 958 ant
809 899 922 984 quodq
972 971 974 976 ,

71 984 124 1046 vis
149 983 236 1048 aliud
260 985 393 1064 animal,
417 985 505 1072 quod
529 1003 634 1070 neque
663 1001 711 1049 est
735 1003 806 1068 pars
834 989 919 1052 alte-

72 1072 141 1136 rius
163 1071 324 1150 animalis,
347 1091 451 1158 neque
473 1073 519 1136 illi
538 1072 688 1138 inhaeret.
712 1073 918 1159 suppositum

75 1159 276 1245 dici'nequit
298 1180 394 1247 caput
416 1180 472 1227 aut
499 1181 571 1224 crus
583 1207 594 1238 ,
615 1159 704 1248 quod
726 1183 743 1226 a
764 1177 836 1226 toto
860 1183 920 1227 ca-

71 1265 118 1312 ne
143 1253 300 1330 pendeant
323 1253 353 1313 ln
379 1253 442 1314 suis
462 1251 716 1338 operationibus.

121 1331 170 1412 ΙΙ.
217 1338 499 1427 Supposiraliras,
531 1357 584 1404 seu
608 1337 665 1417 id,
694 1357 760 1424 quo
791 1335 848 1417 lit,
883 1331 920 1404 ut
953 1375 954 1378 ¹

75 1423 196 1515 'aliquid
210 1427 410 1514 suppositum
429 1445 562 1492 vocetur
572 1473 582 1505 ,
603 1427 717 1492 dicitur
734 1425 827 1492 etiam
842 1428 921 1512 vul-j

75 1531 120 1600 go
144 1515 382 1594 subsistentia,
404 1527 436 1580 'er
456 1517 622 1603 supposita
646 1513 811 1580 subsistere
833 1512 920 1578 afris*

75 1617 213 1667 mantus.
230 1603 477 1669 Contra'autem
496 1603 577 1668 entia
593 1601 809 1686 incompleta,
834 1599 916 1690 quae

75 1692 240 1777 supposita
263 1711 327 1760 non
352 1709 425 1757 sunt
447 1691 644 1757 subsistentia
666 1690 795 1778 propria
817 1690 920 1778 prae-'¹

75 1777 147 1843 dita
161 1799 227 1846 esse
249 1797 414 1867 negantur.
436 1776 486 1846 Ita
502 1797 622 1865 caput,
647 1799 702 1865 pes
725 1778 865 1844 animalis
882 1782 914 1844 in
982 1835 990 1846 ,.

76 1883 114 1932 se
147 1887 209 1932 nnn
243 1867 445 1948 subsistunt,
484 1868 539 1933 sed
575 1867 605 1932 in
641 1867 789 1948 animali,
825 1865 919 1958 quod]

75 1955 211 2044 propria
235 1957 414 2042 praeditum
438 1971 486 2022 est
512 1956 727 2023 subsistentia.

122 2040 197 2130 Ill.
234 2043 306 2109 Alia
328 2065 399 2110 sunt
423 2047 590 2133 supposita
618 2042 834 2122 rationabilia,
861 2034 923 2108 alia'

76 2131 310 2222 irrationabilia.
347 2133 554 2221 Suppositum
588 2131 773 2198 rationabile
806 2131 922 2202 di'citut

73 2241 227 2310 persona.
258 2217 306 2286 Ita
323 2219 454 2286 dicimus
485 2241 636 2309 personas
662 2220 820 2296 Divinas,
852 2222 921 2285 lin-¹

76 2309 210 2398 gelicas,
230 2307 403 2387 humanas,
427 2307 490 2372 tion
512 2331 590 2374 vero
608 2328 754 2397 personas
773 2303 946 2394 equinas„.

76 2397 241 2482 leoninas,
259 2399 313 2464 sed
333 2399 496 2485 supposita
512 2397 663 2483 acquina,
680 2397 815 2462 leonina.
835 2395 920 2462 Per·
991 2478 994 2481 η

76 2507 159 2552 sona
183 2487 276 2575 igitur
300 2489 469 2554 definiturr
496 2489 699 2576 suppositum
729 2481 921 2574 intelligens

76 2597 138 2640 seu
168 2580 296 2641 ratione
322 2575 540 2662 praedirum,
572 2591 602 2640 et
634 2573 837 2662 suppositum
870 2590 919 2661 est

79 2663 258 2728 substantia
282 2663 448 2750 singularis
473 2683 734 2748 quaecumquea
758 2673 919 2754 quacum'ff

79 2773 147 2840 que
162 2752 223 2817 alia
239 2751 337 2816 divisa
353 2768 383 2817 et
400 2770 560 2836 separata,
581 2751 720 2838 nullique
741 2747 829 2814 alteri
854 2750 920 2837 adj

8 2882 11 2896 ·
80 2841 157 2907 dita.
178 2841 228 2904 stc
248 2857 338 2929 gutta
360 2859 481 2926 aquae,
503 2835 655 2927 quamdiu
676 2839 715 2902 ab
733 2837 804 2900 aliis
817 2856 920 2927 aquae

8 2959 9 2968 ι
74 2929 218 3016 partibus
252 2928 352 2994 divisa
381 2943 485 2995 manet
500 2929 512 3006 ,
541 2945 594 3012 est·
615 2924 830 3011 suppositum.
860 2921 920 2984 Est
