2270 3416
264 113 350 163 ιιιιι
363 111 408 160 ιι.
426 112 586 163 narsen.
621 113 699 163 cnr.
717 115 752 162 ι.
929 115 993 204 ¹52

72 176 140 248 bet
151 201 213 270 per
224 189 353 252 modurn
366 185 495 250 atriburi
511 200 655 272 respectu
666 201 722 251 ent
731 187 755 248 is
768 179 997 272 perfectissimi.

6 348 34 362 ..
155 270 242 338 Inst.
272 295 298 340 ι.
325 274 373 337 Er
397 273 455 339 ista
479 272 684 360 responsione
710 270 843 352 infertur
858 289 996 354 tantum,

1 356 33 419 ’.
77 377 142 426 ens
172 358 431 448 perfectissimum
459 383 503 427 ex
531 360 727 450 hypothesi,
753 361 842 446 quod
866 362 995 442 existat,

76 451 265 515 necessario
282 453 439 529 existere,
462 451 508 514 nti
523 451 712 536 triangulum
734 449 910 516 necessario
926 448 993 516 ha·

11 593 20 604 .
76 533 143 600 bet
157 550 219 602 tres
233 541 386 628 angulos,
401 560 440 604 er
463 536 638 625 hypothesi
659 537 746 622 quod
763 540 897 626 existat5
913 559 979 603 non

76 644 166 690 vero
180 627 311 692 infertur
325 673 337 705 ,
351 647 406 692 ens
424 623 678 714 perfectissimum
701 625 847 692 absolute
869 627 995 692 existe-

5 713 11 721 '
78 734 123 780 re
138 735 154 788 ,·
179 734 258 802 ergo
282 715 368 779 nulla
382 729 430 780 est
441 715 572 779 solutio.
588 711 688 801 Resp.
706 715 751 778 N.
766 734 831 780 ant.
860 715 909 778 Ex
924 713 994 804 hy-

10 859 28 875 „
79 799 217 956 potueri
241 804 344 882 enim,
364 800 451 890 quod
471 823 526 868 ens
541 800 799 890 perfectissimum
823 803 860 868 sit
884 802 994 890 possi-

1 893 29 955 ’,
112 890 183 965 ile,
210 891 369 976 sequitur,
400 889 478 956 illud
506 892 679 956 necessario
706 890 837 956 existere
860 891 926 970 ita,
952 907 990 957 ut

4 985 14 1050 “,
81 981 257 1044 existentia
283 979 455 1046 necessaria
477 979 552 1043 fluat
570 997 608 1042 ex
631 979 699 1064 ipsa
721 983 852 1044 essentia
871 999 925 1046 seu
941 981 988 1046 in·

1 1126 22 1140 „
82 1065 228 1129 trinseca
243 1067 445 1152 possibilitate
470 1065 549 1131 eutis
563 1061 796 1152 perfectissimi,
810 1083 847 1130 ut
871 1088 989 1134 nume-

10 1159 24 1229 ζ,
87 1175 148 1218 r-us
174 1153 322 1220 ternarius
338 1153 523 1243 angulorum
545 1175 585 1220 ex
610 1154 744 1218 essentia
760 1153 913 1242 trianguli.
927 1152 992 1244 lgi-

84 1259 147 1307 tur
173 1258 208 1303 ut
229 1244 361 1330 primunr
388 1257 536 1319 constat,
565 1260 618 1307 ens
649 1239 908 1329 perfectissimum
935 1265 991 1308 es-

1 1333 19 1411 ]
81 1351 124 1398 se
151 1329 316 1418 possibile3
332 1335 436 1397 statim
456 1328 659 1416 intelligitur,
672 1331 778 1417 ipsunt
799 1333 944 1398 existere.

1 1483 18 1499 y,
157 1416 240 1483 Insr.
269 1441 301 1484 a.
322 1419 356 1484 A
373 1416 599 1508 possibilitate
625 1419 674 1484 ad
692 1435 801 1484 actam
823 1418 992 1486 convalet

7 1577 13 1585 ¹
81 1510 338 1596 consequentia,
362 1527 417 1572 seu
442 1527 481 1573 ex
495 1527 555 1584 eo,
571 1507 661 1594 quod
685 1526 740 1572 ens
770 1505 917 1591 possibile
932 1509 987 1585 sit,

1 1649 12 1684 s.
82 1593 236 1658 concludi
274 1615 339 1660 non
368 1612 499 1682 potest,
529 1596 628 1680 ipsum
654 1594 811 1659 existeres
838 1615 914 1681 ergo
946 1615 988 1661 ex

2 1688 12 1701 '
85 1679 298 1768 possibilitate
324 1683 405 1748 entis
431 1682 647 1766 perfectissimi
676 1701 740 1746 non
765 1679 987 1748 infertur.eius

1 1781 9 1794 ”
87 1770 267 1836 existentia..
287 1770 393 1856 Resp.
419 1771 491 1836 dist.
515 1787 580 1834 ant.
595 1796 603 1834 s
621 1772 651 1832 in
668 1768 791 1835 entibus
806 1773 993 1860 contingen·¹

89 1859 181 1922 ribus
195 1879 251 1923 seu
263 1861 306 1925 ab
319 1858 397 1934 alio,
412 1861 453 1924 G.
469 1895 479 1936 ,
494 1860 524 1922 in
541 1877 613 1924 ente
626 1862 808 1924 necessario
832 1881 888 1926 seu
902 1884 924 1926 a
937 1882 992 1937 se,-

89 1941 139 2008 N.
154 1966 219 2010 ant.
234 1964 265 2013 et
280 1969 368 2012 cons.
386 1945 499 2035 Itaque
514 1969 610 2032 quum
636 1947 799 2012 existentia
821 1967 884 2013 non
907 1967 987 2034 per-

1 2110 3 2120 f
22 2089 30 2108 ,
87 2033 191 2098 tinear—
215 2034 256 2100 ad
279 2037 445 2102 essentiam
460 2057 516 2101 seu
531 2037 730 2100 intrinsecam
744 2034 986 2123 possibilitatem

1 2198 2 2202 η
84 2123 169 2188 entis
184 2124 413 2212 contingentis,
441 2145 533 2188 exeo
556 2123 715 2209 quotiens
740 2124 925 2212 contingens
944 2127 983 2190 sit

72 2209 251 2297 possibile,
263 2213 408 2278 concludi
420 2233 482 2276 nnn
499 2227 616 2296 potest,
631 2209 736 2296 ipsum
749 2231 821 2276 actu
839 2215 988 2276 existeres
1058 2281 1060 2288 ¹

90 2299 135 2364 At
159 2301 231 2386 quia
252 2301 418 2367 existentia
440 2301 578 2388 pertinet
600 2299 639 2364 ad
657 2298 821 2363 essentiam
836 2299 915 2363 entis
931 2320 988 2364 ne·

89 2390 212 2452 cessarii
226 2410 279 2453 seu
293 2411 311 2453 a
325 2411 356 2454 se
378 2406 410 2454 et
426 2385 635 2472 perfectissimi
647 2406 663 2462 ,⁰
688 2385 823 2474 legitima
839 2403 887 2452 est
902 2407 985 2450 con·

22 2537 24 2540 ,
89 2477 252 2559 sequentia
273 2475 392 2542 alscins
407 2476 615 2562 posslbilitate
629 2473 670 2540 ad
685 2495 800 2540 acrum.
818 2474 907 2540 Haec
925 2475 984 2542 ‹le-

88 2564 274 2630 monstrario
298 2582 347 2642 est
371 2564 412 2631 ad
433 2568 569 2630 mentem
584 2567 616 2628 S.
641 2562 866 2651 Thornae,qui
888 2567 988 2630 variis
1039 2565 1041 2567 ’

88 2651 120 2716 in
144 2652 220 2734 locis
247 2672 278 2719 et
303 2654 485 2739 praesertim
517 2673 544 2719 ι.
568 2665 659 2738 part.
682 2668 813 2739 quaest.
838 2671 894 2732 pr.
920 2675 980 2738 pro
1065 2689 1067 2693 ·
1095 2697 1099 2704 -

91 2741 248 2819 maximo,
265 2763 330 2830 qno
346 2739 486 2830 pollebat
500 2785 510 2818 ,
538 2741 648 2827 ingenii
671 2737 815 2805 acumine
830 2740 984 2806 obserua-

90 2829 156 2906 rit,
181 2829 371 2896 existentiam
392 2831 472 2894 entis,
486 2826 700 2916 perfectissimi
716 2848 754 2891 ex
777 2827 845 2892 eius
868 2829 983 2890 notio·

88 2939 126 2983 ne
153 2935 236 2985 recte
255 2911 360 2984 inferri
374 2963 384 2995 ,
411 2915 464 2980 ubi
480 2914 652 3006 probatum
666 2911 727 2980 snit
741 2935 794 2980 sus
808 2911 986 3002 perfectis·

90 3006 200 3072 simum
220 3027 288 3074 esse
300 3004 457 3096 possibile.
488 3061 493 3068 .
695 3021 698 3030 ’
