2270 3416
182 133 244 203 132
430 131 644 180 rusumvu.
667 130 804 176 turnus.

180 223 350 293 antequam
368 219 464 290 agat,
488 224 580 268 neca
605 199 730 264 motivis
746 197 1036 280 determinatur,
1064 201 1099 266 se.
1116 223 1118 324 l

179 291 247 377 ipsa
281 313 347 356 sese
383 293 476 356 ltbere
507 289 694 356 determinat
725 310 780 374 per
818 288 992 369 motiva,
1032 311 1100 377 quat

180 399 246 442 non
273 397 348 443 suut
374 401 486 446 causae
512 376 705 444 necessariae
726 392 759 442 et
782 371 975 442 efficientes
1008 379 1101 444 deret¹

129 503 132 510 ·
178 467 385 532 minationum
418 463 794 533 voluntatis..Voluntas
825 465 916 529 enirn
954 467 1031 551 ipsa
1067 485 1118 536 est¹

178 575 277 620 causa
304 557 443 622 efficiens
474 574 549 620 suae
578 551 856 620 determinationis.
890 553 998 617 Dum
1037 575 1099 621 vero

180 663 254 708 actu
281 645 342 730 egit
372 647 545 720 voluntas,
575 641 780 708 determinata
806 639 950 728 quidem
986 661 1039 708 est
1064 643 1094 706 ad

180 730 263 794 hanc
292 730 473 809 actionem,
498 733 552 796 sed
581 732 677 796 libera
705 748 805 794 manet
835 727 880 792 ad
916 752 1001 796 eam
1031 753 1092 821 pto·

177 820 372 902 sequendam
397 819 447 886 vel
462 819 712 906 relinquendam.
736 818 917 906 Postquam
947 823 1039 908 egit,
1058 819 1086 882 li·

179 903 256 970 bera
272 928 335 972 nou
352 923 400 974 est
417 909 498 973 circa
520 910 675 973 actionem
699 904 837 982 factam,
862 907 948 994 quia
956 909 1080 987 facturr

179 1002 292 1083 nequit
312 989 383 1067 esse
406 1019 467 1062 rtott
487 995 650 1074 factum,
674 996 726 1060 sed
752 994 847 1058 libera
878 998 998 1062 estad
1022 995 1076 1060 alias

179 1085 321 1150 actiones
349 1083 593 1149 committendas
618 1085 669 1147 vel
694 1082 892 1146 omittendas.
1116 1141 1118 1184 t

246 1171 328 1238 inst.
356 1193 385 1236 2.
410 1173 576 1240 Voluntas
603 1169 776 1237 necessario
802 1170 1022 1260 amplectitur
1042 1169 1077 1250 iel,
1117 1187 1118 1198 ¹

111 1257 118 1263 ’
179 1261 271 1345 quod
297 1261 475 1326 intellectus
493 1262 601 1326 melius
624 1281 693 1324 esse
717 1258 833 1324 iudicat
846 1282 856 1334 3
882 1280 971 1346 ergo
992 1260 1074 1324 libera

178 1368 245 1410 uon
269 1366 327 1412 est.
347 1348 445 1435 Resp.
463 1348 535 1414 dist.
552 1365 616 1413 ant.
634 1347 779 1412 voluntas
799 1346 1017 1430 amplectitur
1027 1371 1073 1412 ue·
1117 1409 1118 1438 ζ

176 1436 315 1500 cessario
343 1437 528 1504 necessitate
554 1435 781 1524 hypothttltica
811 1453 843 1500 et
868 1438 1077 1526 consequenti
1117 1455 1118 1480 t

179 1523 213 1590 id
251 1525 339 1610 quod
367 1525 543 1592 intellectus
579 1525 689 1589 ultimo
719 1523 834 1588 iudicio
864 1524 987 1588 melius
1017 1546 1076 1590 esse

179 1611 322 1690 iudicat,
342 1613 383 1678 C.
408 1630 497 1690 aun,
515 1613 662 1678 voluntas
678 1613 880 1700 amplectitur
901 1614 1074 1678 necessario

111 1748 113 1752 .
180 1703 367 1766 necessitate
390 1701 542 1782 absoluta
562 1718 595 1767 et
617 1700 823 1766 antecedenti
840 1699 891 1775 id,
920 1703 1019 1786 quod
1033 1704 1074 1766 iu-

180 1789 329 1855 tellectus
358 1792 469 1854 ultimo
494 1789 613 1855 iudicio
636 1787 746 1854 melius
769 1809 836 1853 esse
860 1787 1012 1868 iudicat,
1036 1789 1075 1854 N.

180 1896 245 1948 ant.
268 1893 299 1942 et
322 1898 412 1940 cons.
437 1873 550 1960 Itaque
571 1876 675 1963 probe·
686 1875 918 1942 recordandum
934 1897 986 1941 est
994 1925 1006 1955 ,
1022 1902 1076 1944 ne-

180 1964 360 2028 cessitatem
379 1967 469 2028 aliam
492 1987 561 2030 esse
582 1964 776 2043 absolutam,
798 1964 889 2028 aliam
913 1963 1073 2053 hypothe-

181 2051 287 2116 ticam.
304 2051 462 2120 Absolute
478 2056 685 2120 necessarium
708 2053 824 2129 estid,
850 2051 942 2116 cuius
965 2077 1072 2142 oppo-

180 2136 277 2204 situm
300 2139 445 2206 absolute
466 2160 513 2207 est
533 2139 736 2229 impossibile.
757 2139 982 2230 Hypotbetice
1001 2164 1070 2208 vero

181 2230 389 2293 necessatium
405 2246 469 2307 est,
492 2229 581 2296 cuius
600 2231 782 2316 oppositum
800 2228 993 2318 impossibile
1014 2253 1071 2294 uon

181 2336 250 2395 est,
270 2321 326 2382 nisi
346 2314 619 2406 facta'hypothesi
637 2319 689 2383 vel
708 2318 766 2382 sub
788 2318 861 2384 data
880 2319 1066 2383 conditione.

180 2403 360 2491 Necessitas
384 2407 571 2472 antecedens
591 2406 763 2474 voluntatis
784 2407 1067 2480 determinationem
1115 2425 1116 2456 l

181 2495 366 2571 antecedit,
391 2497 557 2560 necessitas
582 2513 687 2560 autem
711 2515 906 2579 consequens
934 2498 1068 2581 seqnitut
1115 2473 1116 2559 l

182 2601 223 2644 ex
252 2580 424 2669 hypothesi
450 2581 715 2653 determinationis
743 2582 924 2646 voluntatis.
954 2581 1009 2646 His
1034 2582 1064 2648 iu

180 2672 362 2734 memoriam
381 2673 554 2746 revocatis,
576 2669 634 2734 iam
658 2687 747 2758 patet
770 2671 947 2758 responsio.
962 2671 1064 2749 Quum

182 2755 264 2821 enim
298 2759 443 2822 ultimum
473 2759 649 2844 intellectus
683 2759 831 2823 iudicium
858 2757 986 2823 liberum
1014 2760 1061 2838 sit,

180 2846 322 2928 quamvis
336 2847 367 2918 in
388 2867 448 2910 suo
468 2865 627 2930 conceptu
646 2849 797 2931 importet
819 2848 986 2911 voluntatis
1006 2848 1060 2912 de·

163 2931 453 3010 terminationem,
481 2955 544 2996 non
569 2935 649 2996 tollit
683 2934 856 3000 libertatem
886 2935 1058 3013 voluntatis,

179 3038 283 3100 neque
303 3039 335 3084 et
354 3020 574 3088 necessitatem
591 3019 767 3090 absolutam
785 3039 817 3090 et
832 3023 1058 3114 antecedentem
