2264 3420
407 147 492 193 mins
509 146 537 190 11
556 145 716 192 nnrnrn.
734 113 809 190 ont.
828 147 873 206 ιιι.

133 253 136 290 7
194 215 280 282 senti
292 233 348 282 unt
361 232 467 282 tamen
478 261 487 294 ,
497 235 528 280 et
536 235 648 301 eontra
656 216 832 282 sensatione
845 213 998 281 carentaii

133 347 135 364 r
194 305 387 390 inquorum
411 305 514 370 nervis
541 305 684 368 sensotiis
709 321 814 368 motus
837 307 927 370 etiam
953 305 998 369 vai

133 435 135 472 ;
174 411 176 414 ·
200 395 389 484 producitur
401 417 411 472 3
423 415 500 482 ergo
513 395 656 456 utanima
666 394 789 470 sentiat,
800 416 926 458 necesse
941 416 998 458 non

133 525 134 532 κ
201 499 321 547 motum
336 485 436 549 nervis
454 482 763 566 sensoriisimprimi„
779 479 872 546 Prob.
890 501 955 546 ant.
985 504 997 545 1

133 615 134 620 κ
202 570 315 658 quibus
331 571 466 636 abscissa
483 585 556 634 sunt
572 569 710 634 membra
720 579 736 646 ,¹
746 563 888 636 dolorem
906 571 998 658 aliqu:

133 707 134 710 η
201 658 234 722 in
251 659 360 724 iisdem
377 659 522 725 membris
544 661 656 723 sentire
676 657 731 722 sibi
746 657 892 725 videntur
909 684 918 736 3
945 677 998 724 ut«

200 749 270 836 tigit
288 749 435 836 puellae,
459 747 499 813 de
515 767 575 834 qua
588 747 748 814 Cartesius
764 749 903 812 meminit
914 769 952 828 ·4.
978 773 998 832 p

197 840 346 924 princip.
373 855 421 902 ιι.
441 835 561 900 Furiosi
574 853 604 900 et
617 835 781 902 delirantes
797 837 936 901 homines
951 839 998 900 obi

202 923 261 989 sibi
278 925 384 988 videre
404 923 574 1001 videntur,
598 945 679 1010 quae
707 927 883 1010 praesentia
910 947 998 989 nont

203 1017 354 1100 quaeque
368 1013 499 1098 proinde
526 1009 643 1077 nuliam
659 1015 688 1076 in
705 1035 813 1079 eorum
828 1015 951 1102 organis
970 1037 998 1079 se

205 1101 667 1190 riismntationemproducnnt.
685 1123 756 1166 111.
772 1105 801 1165 s:
814 1103 992 1190 Augustino

208 1209 262 1270 14.
284 1189 475 1255 decivitate
494 1189 563 1254 Dei
577 1213 649 1280 cap.
674 1211 725 1270 24.
742 1190 803 1255 hoc
818 1187 935 1255 factum
957 1213 995 1255 na

197 1281 375 1368 presbyter
389 1277 525 1370 quidam
540 1275 617 1358 fnit
638 1283 760 1343 nomine
785 1278 997 1358 Restiturus,

202 1365 337 1456 quando
362 1371 392 1433 ei
410 1365 595 1455 placebat,
623 1369 673 1430 ita
689 1389 723 1432 se
746 1365 919 1448 auferebat
936 1393 957 1433 a
972 1393 998 1434 st

203 1459 290 1534 bus,
312 1471 344 1520 et
358 1458 488 1521 iacebat
509 1451 698 1536 ¹simillimus
721 1474 867 1532 mortuo,
893 1471 929 1519 ut
948 1479 998 1522 nor

202 1539 272 1608 lum
288 1541 481 1609 vellicantes
503 1561 602 1632 arque
626 1560 807 1631 pungentes
830 1547 956 1609 minime
978 1566 998 1608 s¹

203 1647 279 1710 ret,
295 1631 468 1699 sedetiam
490 1631 671 1722 aliquando
684 1635 755 1721 igne
779 1645 931 1698 ureretur
949 1631 998 1696 ad

203 1723 273 1786 sr'ne
288 1719 357 1785 ullo
368 1719 491 1788 doloris
508 1743 613 1784 sensu.
630 1720 848 1808 Respondeo‚
864 1719 909 1784 his
925 1719 998 1786 obse

204 1809 998 1896 tionibusconclusionemnostrarnapprimeconfin

204 1896 294 1961 Nam
311 1897 342 1962 in
360 1899 444 1962 omni
459 1900 634 1964 sensatione
649 1899 706 1961 tria
723 1918 794 1963 sunt
810 1917 955 1964 accurate
971 1899 998 1962 d}

204 1987 330 2074 guenda
347 1985 543 2072 ,duo,quae
559 1987 718 2072 pertinent
732 1985 774 2052 ad
790 2005 935 2051 nostrum
950 2009 998 2052 cor

205 2075 325 2139 scilicet
341 2093 446 2138 motus
462 2096 582 2166 organo
598 2074 738 2139 sensorio
754 2073 793 2136 ab
807 2074 935 2141 obiecto
948 2099 998 2141 sen

203 2163 395 2248 impressus,
411 2179 441 2228 et
458 2183 562 2228 motus
586 2163 657 2228 inde
681 2162 721 2226 ad
741 2161 903 2240 cerebrum
922 2167 998 2251 pros

206 2266 258 2314 tos
271 2273 281 2328 3
297 2271 334 2314 ae
348 2251 494 2328 tertium,
510 2250 600 2339 quod
613 2251 732 2317 animae
746 2267 792 2314 est
804 2294 812 2326 ‚
826 2273 940 2338 nempe
950 2253 996 2314 his

205 2339 295 2403 tibus
321 2338 516 2427 respondens
541 2338 656 2404 obiecti
685 2333 837 2404 sensibilis
860 2341 998 2426 percepti

207 2444 313 2492 motus
337 2449 457 2516 organo
487 2429 623 2491 sensorio
651 2428 819 2516 impressus
851 2427 890 2492 ad
917 2425 998 2492 cerei

206 2538 313 2604 usque
330 2537 392 2578 non
411 2535 628 2604 propagetur,
645 2519 744 2580 anima
763 2538 825 2579 non
844 2517 960 2596 sentit,
979 2540 997 2582 u

206 2604 286 2670 cidit
312 2603 402 2668 nobis
419 2603 644 2669 dormientibus
657 2628 666 2682 ;
686 2623 716 2670 et
746 2605 948 2694 contingebat
977 2630 997 2694 p

208 2691 327 2782 bytero
342 2695 506 2758 Restituto
524 2738 532 2771 ,
550 2692 603 2777 qui
622 2709 747 2756 mortno
766 2693 935 2758 simillimus
949 2695 998 2758 iac¹

206 2781 238 2846 Si
249 2803 327 2846 vero
341 2782 404 2846 sine
417 2781 543 2846 actione
558 2779 674 2846 obiecti
689 2781 839 2846 sensibilis
858 2783 998 2848 ext'ernii‘

179 2949 182 2954 Ι
206 2868 330 2948 cerebri
347 2892 363 2933 a
380 2871 480 2944 causis
494 2869 620 2937 internis
637 2869 747 2933 eodem
766 2889 889 2954 prorsus
906 2869 998 2932 modo

206 2975 337 3034 tentor,
352 2979 417 3044 quo
427 2974 596 3021 moventur
609 3004 619 3034 ,
633 2955 686 3018 ubi
697 2955 856 3020 obiectum
869 2955 993 3022 sensibii

190 3040 193 3046 ’
208 3046 241 3112 in
256 3067 409 3136 organum
425 3064 590 3111 externum
603 3045 727 3110 actione
742 3044 871 3110 eosdem
887 3061 990 3109 motus
