2326 3438
258 185 348 234 esus
370 184 417 232 rr.
440 183 605 233 nocturn.
627 185 702 233 ean.
728 184 757 232 r.
876 166 936 232 281

75 257 275 325 ,contineat
297 253 337 322 id
347 299 357 335 ,
384 255 475 348 quod
493 257 536 324 dr
557 259 747 345 quaestione
764 259 939 346 proposita

101 343 260 432 detegere
277 364 463 433 possemus.

172 435 220 498 Sic
241 434 272 496 in
293 433 481 519 quaestione
502 431 544 500 de
572 452 653 496 sono
677 431 781 522 egitur
801 430 842 497 de
862 451 937 496 mo-

104 535 146 586 tu
175 519 275 589 nervi.
312 520 352 587 lu
387 522 488 609 prima
520 520 741 610 propositione
770 519 935 602 habemns,

102 609 206 676 mutui
229 611 368 678 tremulo
389 613 524 698 partium
548 608 692 696 corporis
719 611 859 696 percussi
884 631 938 674 so·

102 719 180 784 num
197 697 293 764 tribui
314 697 454 778 debete3
482 721 558 787 ergo
576 698 662 762 huuc
685 717 805 764 motum
827 700 936 786 sequi·

102 802 158 850 tur
177 803 284 852 motus
299 788 396 854 nervi.
425 785 466 854 In
481 787 620 854 secunda
635 789 853 874 propositione
876 787 936 853 ltn-
958 868 961 876 Ι

106 871 222 940 bemus
238 875 555 942 communicationem
576 875 658 948 inter
675 896 794 962 corpus
809 897 936 962 percus-

105 979 234 1030 sumet
260 985 367 1031 aurem
397 965 484 1045 dati,
516 963 672 1030 mediante
692 969 790 1042 aire,
814 963 846 1028 id
874 981 936 1047 est,

105 1071 231 1116 motum
258 1075 315 1140 per
349 1058 452 1120 airem
482 1051 640 1120 transient
668 1052 709 1117 ad
741 1071 874 1129 aurem,
904 1073 937 1120 et

105 1138 238 1226 quidem
264 1163 330 1208 nou
356 1141 506 1207 translato
534 1146 617 1208 aire.
643 1142 715 1210 Hae
738 1139 959 1230 propositio-av

105 1247 164 1292 nes
189 1248 272 1294 nunc
292 1229 533 1320 coniungendae
559 1249 655 1308 snut,
682 1229 934 1311 determinando,

105 1317 273 1404 quomodo
285 1335 389 1386 motus
401 1341 456 1405 per
468 1325 573 1384 a'e'rem
586 1339 649 1384 non
661 1319 937 1406 translatumpro·
958 1333 962 1341 ’

105 1405 214 1492 pagati
241 1409 350 1494 possit.
380 1409 497 1474 Aerem
527 1408 678 1474 attentius
706 1407 963 1474 considerando·

107 1491 307 1582 detegimus,
336 1496 409 1560 huic
435 1517 490 1582 per
516 1501 637 1560 motum
661 1494 807 1580 corporis
832 1497 937 1561 sonori

105 1584 329 1648 communicati
350 1584 657 1672 motumanalogum
677 1600 854 1648 commotu
877 1592 938 1648 un·v

107 1667 290 1748 dolatorio,
319 1673 373 1758 qui
389 1675 419 1737 in
434 1671 598 1758 superficie
620 1669 708 1736 lluidi
725 1670 842 1736 iniecto
865 1690 939 1735 cor·

107 1778 186 1844 pore
199 1779 389 1847 generatutt
413 1759 462 1826 hic
477 1761 552 1824 a‘e'ris
566 1777 670 1830 motus
684 1779 940 1847 quaquaversum

106 1866 171 1914 sese
185 1847 337 1935 expandit
354 1869 412 1936 per
428 1850 520 1912 lineas
535 1866 634 1914 rectas
657 1893 667 1926 ‚
691 1847 853 1936 inquibus
870 1847 940 1913 siu-

108 1934 203 2024 gulae
225 1936 394 2021 particulae
419 1935 595 2024 perbreve
615 1939 755 2024 spacium
776 1954 878 2016 eunt,
907 1954 940 2004 et

107 2022 150 2088 ad
166 2024 328 2110 pristinum
343 2025 450 2089 locum
465 2024 598 2090 redeunt
613 2069 622 2100 ,
637 2024 745 2110 ibique
759 2025 941 2112 quiescunt.

108 2109 201 2178 Haec
231 2113 255 2176 si
281 2114 469 2201 coniungam
497 2135 569 2179 curn
598 2112 658 2190 iis,
687 2135 770 2198 quae
797 2114 836 2178 de
857 2135 942 2179 cam-

110 2221 194 2288 pana
212 2197 500 2295 iampdeterminata
521 2217 619 2278 sunt,
651 2198 740 2264 facile
756 2202 942 2287 percipitur,

108 2289 371 2375 continuatoper
385 2289 599 2356 elasticitatem
616 2287 751 2376 partium
768 2305 856 2352 motu
873 2333 882 2365 ,
912 2291 944 2354 in

109 2382 182 2442 a'e're
205 2376 338 2461 produci
363 2380 510 2464 repetitas
532 2374 659 2456 undas,
687 2378 728 2440 ita
750 2393 785 2438 ut
807 2375 945 2464 singulae

110 2464 288 2552 particulae
302 2466 393 2530 variis
410 2465 531 2533 vicibus
551 2483 624 2530 eant
640 2481 671 2531 et
686 2461 838 2542 redeant,
870 2483 946 2526 mo-

110 2568 245 2640 tumque
261 2552 345 2622 hunc
359 2556 527 2640 propagari
543 2573 823 2642 quaquaversum,
854 2571 886 2619 et
902 2551 947 2616 sic

111 2629 153 2706 ad
187 2644 295 2707 adrem
330 2642 505 2731 pervenite.
540 2639 607 2705 lam
637 2663 712 2707 vero
743 2641 823 2706 duae
853 2657 947 2706 auten

56 2773 57 2776 ,
111 2725 237 2794 fuerant
255 2730 500 2820 propositiones.
518 2729 721 2796 Prima‘erat't
740 2752 839 2816 quum
857 2728 949 2796 audi-

111 2834 166 2881 tor
188 2837 316 2897 sonus,
347 2841 472 2908 semper
507 2817 596 2884 adest
631 2817 781 2882 tremulus
810 2818 948 2906 partium

113 2923 220 2972 usotus
240 2931 248 2970 r
270 2905 332 2973 hoc
348 2925 438 2973 motu
454 2907 602 2986 sublato,
623 2927 718 2972 sonus
732 2905 948 2992 nonauditur.
