2298 3418
153 135 240 182 ms
264 134 311 182 11.
328 133 508 184 nootoes.
539 133 620 183 ont.
644 133 706 181 ιιι.
822 137 883 208 175

74 219 143 284 eet,
159 221 190 270 nt
200 207 394 272 alterutnum
408 205 591 358 continpat,
607 201 654 270 N.
670 201 745 270 min.
761 219 794 271 et
809 227 897 275 eone.
939 228 947 261 s

75 293 127 358 Sic
140 315 254 362 necesse
271 315 338 378 non
356 311 433 373 est,
462 309 498 358 ut
538 310 623 360 etius
645 311 714 358 ctae
734 311 798 358 noo
814 317 897 384 pec·

80 398 129 446 cet
147 401 196 450 aut
221 399 366 472 peccet,
390 383 446 448 sed
472 401 577 450 tamen
602 402 728 449 necesse
756 398 831 465 est,
860 400 900 450 nt

85 488 171 557 peccet
184 491 242 538 aut
260 493 327 536 non
342 488 468 560 peccet.
495 471 526 538 si
538 486 728 559 peccaturos
743 471 801 550 eit,
815 495 900 562 pto·

86 560 202 644 positioe
230 559 359 627 Petrus
382 582 458 628 crat
481 561 659 648 peccabit,
684 560 741 626 erit
755 583 848 640 vem
872 565 899 629 si

82 669 129 712 eon
149 667 347 738 peccaturus
369 647 432 730 sit,
462 650 520 716 etit
537 645 639 727 falsa,
666 664 701 712 ut
717 667 804 736 patet
826 653 898 716 evi-

78 736 203 817 denter,
232 737 307 804 licet
335 737 415 803 illius
429 736 543 804 veritas
570 751 625 803 aut
638 733 754 804 falsitas
769 759 835 805 non
858 743 898 808 sit

76 827 201 914 cognita.

130 912 210 980 Inst.
232 934 260 979 1.
274 911 338 980 1112
353 913 532 1002 propositio
554 934 619 980 non
633 927 744 1002 potest
760 913 820 980 dici
837 916 899 984 de·

72 1005 229 1070 terminate
253 1024 331 1070 vera
345 1020 400 1070 ant
421 1000 495 1068 falsa
510 1003 541 1068 in
566 1023 599 1068 se
616 1003 706 1090 ipsa,
736 1023 818 1106 qnae
835 1027 899 1074 non
951 1013 955 1020 '

72 1087 171 1158 habet.
185 1090 348 1158 obiectum
370 1091 609 1159 determinatum
627 1114 638 1170 ;
664 1095 753 1180 itqnt
771 1111 900 1182 propo-

74 1177 141 1244 sitio
163 1180 220 1247 ista
240 1178 286 1248 de
309 1177 418 1246 futoro
433 1180 654 1268 contingenti:
684 1177 808 1246 Petrus
824 1205 900 1250 crat

66 1272 242 1354 peccabit,
273 1290 336 1334 non
353 1268 448 1336 habet
462 1267 622 1336 obiectum
641 1268 899 1352 determinarunt

71 1377 143 1444 engo
156 1358 334 1446 propositio
345 1358 397 1424 illa
412 1379 516 1444 neque
531 1374 575 1424 est
591 1357 798 1424 determinate
813 1381 901 1442 veta,

71 1464 170 1534 neque
187 1444 276 1514 falsa.
305 1445 405 1534 Resp.
432 1448 505 1513 dist.
531 1447 601 1514 mai.
615 1491 626 1526 ,
656 1447 708 1512 iila
722 1449 900 1550 propositio

71 1545 197 1601 non'est
213 1555 288 1600 actu
309 1557 410 1614 veta,
437 1556 518 1623 quae
538 1533 716 1602 nonhabet
738 1533 901 1618 obnpctom

72 1619 333 1701 determinatum,
359 1623 475 1704 idest,
499 1645 579 1712 quae
603 1621 722 1710 aliquid
745 1625 900 1706 enuntiat,

72 1713 155 1796 qood
172 1735 280 1800 neque
295 1709 437 1776 futurum
450 1729 517 1790 est,
538 1733 645 1799 neque
662 1731 725 1776 non
745 1711 902 1794 futorum,

75 1797 109 1860 C.
132 1804 229 1878 mai,
251 1800 342 1890 quod
354 1821 443 1868 certo
465 1797 684 1879 futurumst,
701 1800 752 1866 vel
766 1823 830 1866 non
846 1799 902 1868 su·

76 1901 174 1954 tntum
182 1935 198 1968 ,
209 1889 258 1956 N.
283 1890 353 1954 mai.
371 1889 458 1956 etsie
479 1889 625 1956 distincta
642 1889 716 1955 min.
738 1889 782 1956 N.
809 1911 899 1958 const

74 1969 184 2064 Itaque
209 1977 339 2044 actualis
363 1979 557 2046 veritastet
582 1976 697 2045 falsitas
712 1977 802 2044 huius
818 2003 900 2068 pto·

73 2059 254 2148 positionise
280 2063 405 2134 Petrus
428 2075 509 2133 crae
522 2069 694 2155 peccabit,
720 2068 810 2131 nullo
826 2091 900 2134 mo-

77 2149 116 2212 do
159 2153 255 2220 endet
271 2154 312 2221 ad
334 2154 447 2220 actuali
469 2152 728 2222 determinatione
748 2157 902 2223 volunta·

77 2237 110 2301 tis
129 2176 213 2308 getii
240 2243 287 2308 ab.
306 2243 503 2332 peccandum
526 2243 576 2308 vel
598 2263 663 2308 non
689 2245 900 2329 peccandumt

75 2327 125 2391 sed
146 2347 325 2397 tanturnex
348 2355 410 2411 eo,
442 2331 530 2416 quod
552 2332 759 2396 necessarium
774 2335 838 2410 sit,
867 2353 904 2401 ut

77 2411 186 2482 Petrus
207 2441 277 2484 ctas
302 2436 415 2507 peccet
440 2420 492 2486 vei
522 2440 612 2499 non,
637 2438 731 2502 etex
760 2421 902 2510 eoquod

81 2501 141 2568 fieti
165 2526 324 2596 nequent,
353 2527 390 2576 ut
414 2527 480 2572 cros
500 2524 639 2594 peccet,
669 2526 700 2574 et
723 2509 812 2576 simul
834 2532 902 2578 crat

80 2610 142 2654 non
155 2613 277 2682 peccet.
304 2595 407 2685 Vnde
423 2596 623 2662 concluditur
637 2597 767 2663 aiterum
783 2622 801 2665 e
815 2599 903 2665 duo·-

82 2673 139 2742 bns
162 2705 225 2749 esse
243 2683 382 2750 futu-rum
398 2703 472 2753 actu
488 2731 500 2764 ,
528 2706 582 2752 seu
598 2686 829 2769 determinate,
854 2690 905 2755 al*-

84 2780 185 2830 terom
210 2791 271 2855 non
294 2772 449 2840 fututum.

28 2885 29 2888 ¹
148 2851 223 2923 Inst.
258 2882 289 2928 2.
320 2861 535 2931 sisobiectum
557 2860 781 2952 propositionis
798 2861 839 2930 de
854 2861 913 2937 su·
982 2953 985 2960 p
