2326 3438
215 71 266 152 16x
451 83 638 137 rutatuvr.
661 87 818 136 aurcos„
864 95 867 102 a

209 159 285 225 nihil
304 180 373 226 esse
392 157 544 246 ponitur,
565 155 654 244 quod
677 175 723 224 est
745 157 931 226 absurdum.
948 157 994 223 E.
1008 183 1046 248 g.

151 276 155 283 ·
210 269 366 338 ponamus
391 245 550 334 lapidem,
576 246 631 332 qui
654 264 720 312 erat
746 243 896 334 frigidus,
922 245 1045 314 factum

211 336 306 402 fuisse
320 335 466 400 calidum.
482 335 548 400 Aut
563 331 654 403 datur
666 337 769 422 aliqua
781 337 861 401 ratio
875 358 1048 424 perquam

210 425 339 512 intelligi
361 439 490 512 potest,
513 443 569 491 ,cur
592 423 671 510 lapis
694 446 778 492 nunc
797 426 900 511 potius
926 427 965 488 sit
985 448 1049 502 ca«,

209 513 293 584 lidus
316 531 412 600 quam
433 509 581 600 frigidus,
604 530 658 578 aut
676 513 760 579 nulla
784 511 886 601 datur.
908 513 937 576 Si
961 515 1050 578 nul..

208 603 239 668 la
262 597 358 667 datu't
379 599 559 666 huiusmodi
583 599 686 680 ratio,
707 601 781 666 nihil
801 603 927 688 ponitur
946 601 975 664 in
993 603 1076 668 la(

208 688 282 779 pide
303 712 360 756 nec
383 708 472 756 extra
495 687 664 768 eumdem,
692 689 735 762 ad
753 689 841 775 quod
866 708 952 756 actus
977 711 1048 756 ca·-e

209 780 283 844 loris
312 771 415 844 referri
441 777 565 866 possit,
587 798 624 850 ac
650 777 784 866 proinde
807 779 1041 846 admittendum

176 875 191 894 ‘
209 869 291 948 erit,
317 867 369 934 vel
388 868 528 932 nihilum
555 867 589 934 in¹
616 866 719 952 lapide
742 868 852 936 abiisse
881 869 911 932 in
942 868 1039 932 calo-

209 981 273 1024 rem
285 997 306 1037 ‚2
319 958 369 1023 vel
390 956 520 1022 nihilum
542 971 636 1026 extra
651 955 787 1040 lapidem
804 943 944 1022 calorem
959 977 1036 1042 pro-

210 1049 344 1114 duxisse.
366 1046 462 1132 pQuis
486 1063 562 1108 vero
579 1065 644 1114 non
660 1046 745 1110 ultro
760 1045 805 1110 lar
831 1044 935 1123 iecur,
961 1045 1038 1129 haec

210 1160 278 1210 esse
295 1135 446 1208 absurda?
469 1132 561 1198 Patet
575 1149 677 1200 autem
694 1069 873 1222 exemplum
887 1133 965 1198 illud
980 1155 1042 1222 ge-

210 1225 355 1306 neraliter
368 1222 469 1310 accipi
490 1241 604 1308 posse,
626 1243 723 1309 quum
743 1223 784 1288 de
800 1238 871 1288 ente
887 1243 1043 1308 quocum·

210 1334 273 1402 que
288 1311 397 1377 eadem
419 1309 616 1378 ratiocinatio
637 1313 754 1376 institui
777 1313 886 1400 posuit.
904 1312 948 1376 Et
964 1333 1041 1376 cer-

210 1419 243 1468 te
259 1401 442 1490 principium
459 1398 596 1470 rationis.
608 1398 789 1466 sufficientis
810 1399 909 1487 reipsa
931 1419 1043 1466 omnes

210 1491 294 1556 ultro
315 1487 489 1554 concedere
510 1487 676 1567 videntur,
700 1511 799 1578 quum
819 1491 849 1552 in
871 1489 957 1552 omni
979 1509 1042 1554 ca-

210 1579 346 1658 runihil
375 1577 572 1643 admittamus
603 1578 666 1642 sine
695 1579 814 1642 ratione
843 1572 1036 1654 sufficiente3

209 1671 240 1735 in
262 1669 347 1744 omni
368 1667 487 1731 scilicet
510 1685 583 1732 casu
606 1666 698 1752 proni
720 1664 882 1732 sumusnd
903 1665 1041 1731 interro·

212 1757 373 1847 gandum3
405 1775 461 1817 cur
492 1750 553 1816 hoc
583 1755 622 1816 sit
656 1754 705 1818 vel
733 1777 795 1820 non
822 1754 870 1818 sit.
895 1751 934 1820 Id
969 1754 1044 1818 ani-

126 1909 128 1920 Α
210 1845 407 1909 madvertere
421 1841 495 1906 licet
517 1842 547 1903 in
570 1841 643 1930 ipsis
658 1841 751 1908 etiam
777 1842 905 1929 pueris,
933 1844 1043 1908 statim

209 1957 246 2000 ac
263 1934 293 1996 in
310 1932 345 1995 iis
362 1951 428 1994 sese
458 1929 557 2018 exerit
573 1933 684 2020 aliquis
701 1931 828 1998 rationis
846 1952 935 2000 usus.
952 1931 1042 1998 Hinc

209 2023 340 2089 natutae
363 2019 473 2083 mentis
495 2029 621 2085 nostrae
642 2021 730 2104 quasi
752 2041 927 2110 repugnare
950 2017 1044 2086 vide·

211 2111 285 2187 t'ur,
316 2125 352 2172 ut
373 2107 598 2188 admittamus,
622 2109 687 2175 aine
715 2110 836 2177 ratione
866 2107 1048 2178 sufficiente

216 2197 334 2286 aliquid
357 2217 424 2263 esse
448 2207 555 2285 poste.
980 2203 985 2206 “

219 2349 223 2358 ’
258 2370 578 2442 renuuntur
600 2369 998 2444 ourucarouua

280 2550 405 2627 Obiert.
439 2570 468 2616 1.
507 2545 592 2616 lllud
620 2543 850 2616 admittendum
884 2571 948 2616 non
984 2563 1048 2630 est,

213 2639 301 2726 quod
332 2635 539 2724 experientiae
568 2642 757 2704 contrarium
784 2636 1048 2725 deprehenditur;

214 2727 302 2813 atqui
327 2727 537 2812 experientiae
568 2730 758 2796 contrarium
778 2725 1048 2814 deprehenditur,

214 2815 289 2886 nihil
319 2835 382 2882 esse
409 2815 473 2888 sine
504 2815 625 2886 tatione
647 2813 841 2898 sufficiente,
868 2835 944 2904 ergo
969 2810 1050 2901 falsa
