2326 3438
216 150 290 234 ulls
422 183 440 219 a
463 169 648 219 russisve.
681 171 812 222 eustos.
1049 235 1053 240 ¹

219 239 318 308 thesis
331 262 405 308 vera
420 239 466 307 sit.
498 241 686 328 Numquam
706 243 788 310 enim
806 239 877 306 huic
891 261 1050 312 assensum

219 326 297 399 dare
311 329 479 408 debemus,
494 329 551 394 nisi
566 329 741 416 plenissime
752 329 793 396 de
808 329 938 396 veritate
949 333 1050 398 cons-

218 418 330 484 titerit.
355 419 508 506 Magnum
530 439 621 484 usum
646 419 723 486 haec
753 417 959 484 ratiocinandi
986 441 1053 484 me·

216 505 336 574 rhodus
355 505 470 572 habere
493 525 623 594 potest,
652 508 710 575 sed
736 508 920 596 plerumque
938 529 975 574 ea
993 507 1054 576 mi·

218 610 288 664 sere
310 593 486 661 abutuntur
507 595 660 662 homines.
772 662 775 671 .

218 751 220 755 f
282 683 409 772 Regula
429 697 455 746 1.
471 683 638 752 Accusate
652 679 974 758 examinandumcst
989 705 1052 750 ar-

210 773 403 860 gumentum
429 816 439 851 ‚
474 777 563 840 circa
595 772 686 862 quod
708 783 860 841 versatur
887 776 1050 860 quaestio,

216 857 374 949 huiusque
405 865 544 949 cognitio
572 865 657 928 satis
684 859 798 949 ampla
824 857 1050 926 desideratur.

245 1011 247 1018 .
283 949 413 1028 Omne,
444 949 534 1036 quod
556 970 612 1036 pet
636 949 839 1039 hypothesim
861 948 1055 1036 detegimus,¹

215 1038 383 1188 probabile
407 1056 528 1102 tantum
548 1056 607 1104 est.
636 1037 826 1127 Magnitudo
838 1052 951 1113 autem
972 1058 1050 1126 pro·

242 1125 390 1193 abilitatis
413 1126 565 1210 pondera
580 1147 712 1202 numero
726 1125 1051 1205 circumstantiarum,

216 1236 298 1300 quae
333 1213 489 1300 explorari
525 1234 657 1301 possunt
675 1239 687 1294 3
716 1215 760 1280 ita
792 1231 827 1278 ut
857 1214 915 1278 nisi
944 1213 1050 1299 plures

214 1303 354 1382 dentur,
373 1301 575 1388 probabilitas
589 1324 759 1390 numquam
775 1323 884 1392 magna
898 1301 938 1366 sit
952 1323 962 1380 ς
987 1323 1050 1387 po-

215 1392 278 1456 sito
298 1410 405 1483 autem
423 1392 528 1457 maiori
553 1390 663 1462 harum
686 1413 842 1472 numero,
869 1413 964 1456 omne
985 1389 1052 1456 du-

215 1476 302 1544 bium
325 1481 477 1548 removeri
498 1479 612 1567 possit.
938 1521 942 1525 -

239 1621 259 1638 .,
281 1567 407 1658 Regula
429 1586 469 1633 11.
501 1565 594 1638 luter
611 1569 880 1635 circumstantias
898 1565 1052 1634 debemus

214 1657 381 1747 quasdam
408 1654 547 1743 seligere
570 1661 798 1745 praecipuas,
827 1677 911 1744 quae
939 1675 1052 1742 nempe
1136 1710 1140 1719 .

210 1767 298 1835 prae
319 1743 399 1810 aliis
419 1742 556 1834 aliquid
573 1745 717 1810 notabile
738 1744 885 1822 labent,
914 1758 947 1808 et
963 1744 1053 1810 tales

214 1837 483 1900 circumstantiae
503 1847 584 1898 ante
606 1830 696 1900 alias
709 1835 900 1898 euansinati
918 1829 1053 1898 debent:

214 1943 257 1987 esc
280 1919 330 1984 his
356 1923 473 1986 iterum
496 1943 561 1986 una
582 1937 786 2008 separatur,
814 1935 847 1984 et
863 1923 1054 2008 quaerimus

214 2005 377 2096 quasdam
394 2030 537 2088 causas,
553 2011 726 2097 exquibus
742 2007 820 2074 haec
836 2012 1055 2076 circumstan-

213 2101 264 2162 tia
279 2095 400 2164 deduci
413 2113 513 2186 queat
530 2122 541 2160 .·
568 2100 602 2162 iu
618 2095 779 2184 eligendis
801 2111 911 2161 autem
927 2117 1054 2185 quaes-

212 2187 324 2251 tionis*
345 2184 567 2273 explicandae
605 2187 894 2264 circumstantiis,
923 2206 1053 2254 summa
1143 2267 1144 2270 Ἴ

214 2276 394 2342 attentione
424 2293 504 2360 opus
535 2287 597 2338 est.
773 2329 777 2334 .

278 2362 405 2428 Etenim
421 2362 444 2424 si
459 2358 638 2449 quaestioni
650 2357 842 2424 satisfaciant
859 2357 964 2448 plures
982 2357 1051 2450 hy-

201 2452 386 2539 ,potheses3
415 2451 457 2513 ita
479 2468 514 2512 ut
537 2471 598 2514 una
626 2451 721 2536 magis
741 2469 837 2534 quam
856 2451 955 2512 altera
975 2470 1063 2514 vera-

212 2561 277 2604 non
294 2539 462 2614 videatur,
490 2538 521 2600 in
538 2537 636 2603 dubio
656 2537 873 2624 relinquimur.
903 2535 980 2600 Hoc
997 2538 1051 2601 in-

212 2627 416 2692 eornmodum
443 2625 538 2712 magis
563 2647 607 2690 est
634 2623 865 2700 metuendum,
896 2624 922 2686 si
945 2627 1052 2690 consi·
1143 2623 1144 2670 l

214 2715 364 2792 durentur
387 2713 666 2791 circumstantiae,
695 2732 777 2799 quae
800 2714 911 2776 multas
934 2710 1054 2802 hypo-

214 2802 320 2872 theses
337 2801 528 2878 admittunt,
560 2819 631 2876 tum¹
643 2799 723 2864 enim
739 2797 893 2864 difficilius
914 2821 1054 2866 enume-

215 2907 322 2957 rantur
342 2889 541 2980 vhypotheses
562 2908 700 2968 omnes,
728 2905 761 2954 et
782 2888 954 2975 explicatio
976 2911 1055 2956 vera
