2270 3416
914 25 920 56 l

159 99 231 175 «ps
401 95 608 157 'rnsrrrr'rm
638 99 775 158 enitor.
842 97 847 108 '
954 165 959 172 ,

159 181 246 266 pitnr
260 175 337 244 haec
349 176 499 244 idearum
516 181 692 259 successio,
708 183 759 247 rel
775 178 884 269 potins
901 177 963 244 nbi
979 178 1071 247 deest

160 267 303 334 idearum
315 269 566 334 intermediamnr
583 273 735 347 intuitio,
751 289 827 334 tunc
840 271 1070 336 intermedium

159 355 240 421 illud
252 373 378 443 tempus
395 357 493 422 instar
508 359 618 446 puncti
631 355 773 422 hahetur.
795 355 835 422 Id
852 373 967 423 autem
994 359 1069 446 plu·

159 443 246 509 simis
261 443 301 508 de
316 447 418 508 causis
431 449 616 534 contingere
631 465 749 532 potest.
765 447 835 514 Vel
848 467 982 512 cessare
994 467 1066 533 pos·

159 548 235 598 sunt
257 531 350 599 ideae
373 535 574 602 intermediae
582 552 652 614 ,nt
673 536 704 600 in
727 532 931 619 profundiori
957 553 1063 598 somno

159 622 227 685 lieri
242 639 356 709 pntsnt
372 625 516 688 nonnulli
529 669 539 704 ,
552 623 605 689 vel
619 624 704 710 ipsae
720 623 808 689 ideae
829 621 924 686 nimis
947 621 1061 688 debiles

160 716 288 776 suntet
312 711 497 796 languidae,
520 727 557 777 nt
582 712 614 774 in
636 710 926 799 somno·graviori.
952 712 1025 779 Vel
1045 733 1061 776 e

158 797 323 863 contrario
345 801 432 864 nimis
449 815 521 866 sunt
541 799 683 878 vividae,
711 815 744 864 et
767 817 866 862 totam
901 816 1061 884 occupant

159 903 318 967 mentem,
333 903 371 951 ut
397 887 428 952 in
456 884 702 976 profundissima
716 887 948 954 meditatione·
959 892 1060 976 Atque

158 973 208 1038 his
220 992 344 1064 tempus
357 973 483 1042 brevius
499 991 644 1065 apparet.
672 977 796 1042 Contra
814 997 896 1040 vero
923 976 990 1054 iis,
1010 977 1057 1063 qni

160 1063 392 1131 calamitatibus
407 1065 702 1143 conflictsnctihus,
716 1067 766 1130 vel
781 1066 833 1151 qui
851 1064 896 1129 rei
914 1067 1062 1130 molestae

156 1154 252 1221 inriti
262 1155 346 1219 dant
368 1173 519 1240 operam3
540 1173 628 1220 mens
641 1153 681 1218 ab
694 1154 780 1219 ideae
794 1151 930 1218 obiecto
943 1154 1064 1218 averti·

160 1257 233 1322 tnr,
247 1259 278 1306 et
293 1242 408 1307 adalia
424 1241 550 1317 obiecta
565 1241 786 1321 convertitur,
810 1241 913 1330 iisque
929 1241 993 1307 dies
1006 1261 1058 1326 ap·

81 1387 87 1401 ,
158 1348 272 1415 parent
287 1330 456 1418 longiores.
471 1330 595 1397 Praeter
609 1328 689 1394 hanc
701 1329 853 1418 temporis
868 1345 1057 1408 mensuram,

159 1441 241 1507 qnae
260 1439 300 1484 ex
314 1418 454 1484 idearum
467 1420 664 1485 successione
683 1419 803 1498 oritur,
818 1419 912 1482 sliam
934 1440 1062 1506 qnoque

160 1507 362 1574 considerant
386 1527 559 1577 mensnram
583 1503 789 1586 sensibilem,
811 1523 912 1597 quarn
933 1527 978 1573 ex
993 1527 1059 1569 cor·

160 1614 276 1686 porum
302 1609 391 1658 rnotu
417 1595 598 1663 desumunt.
611 1597 738 1664 Verum
758 1595 836 1661 haec
852 1614 1004 1660 mensura
1022 1593 1058 1658 sd
1124 1657 1125 1677 ,

160 1685 303 1750 idearum
319 1686 551 1752 successionem
566 1683 673 1751 referri
690 1685 782 1750 etism
797 1693 919 1770 potest'.
937 1684 1066 1762 Etenim
1124 1741 1125 1754 ,

158 1791 268 1838 motus
292 1771 504 1838 ideamnobls
531 1792 751 1864 comparamus
776 1795 832 1859 per
857 1773 1067 1839 reflexionem

160 1863 193 1930 ln
210 1863 293 1929 ideas
308 1862 527 1942 successivas,
544 1883 622 1952 quas
644 1882 760 1949 corpus
774 1878 894 1926 nantum
912 1859 945 1924 in
963 1877 1067 1926 mente
1124 1905 1125 1936 ,

161 1953 303 2030 excitat,
329 1951 417 2018 durn'
429 1952 460 2016 in
476 1953 566 2016 variis
587 1951 664 2030 locis
691 1952 863 2015 successive
881 1949 1004 2014 existit.
1021 1951 1065 2014 Et
1124 1967 1125 2012 l

162 2039 292 2127 quidem
307 2041 381 2104 dunt
395 2040 550 2128 horologii
572 2042 704 2106 indicem
726 2038 960 2122 conspicimus,
984 2038 1059 2100 illins
1124 2053 1125 2084 ³

139 2129 228 2200 ‘non
245 2129 435 2216 percipimus
449 2147 586 2194 motum:
600 2129 691 2194 index
706 2127 736 2192 in
751 2123 863 2192 eode'm
876 2126 951 2189 loco
964 2145 1061 2191 rema·
1124 2173 1125 2202 1

160 2239 239 2284 nere
266 2217 356 2282 nohis
381 2218 524 2296 ridetur,
548 2233 581 2284 et
603 2213 678 2282 dum
699 2218 793 2304 longa
813 2215 952 2280 idearum
967 2218 1062 2279 series
1124 2279 1125 2298 ἶ

161 2308 197 2372 in
212 2322 317 2372 mente
332 2307 421 2385 fluit,
437 2322 542 2394 partes
556 2306 666 2394 spatii,
682 2309 769 2391 quod
784 2323 925 2391 corpora
937 2301 1061 2366 descri-
1124 2303 1125 2340 l

163 2394 263 2473 bunt,
280 2395 469 2484 distinguere
486 2400 743 2480 non'possnmus.
759 2395 803 2456 At
819 2413 843 2455 sr
861 2390 979 2455 mobile
993 2399 1068 2456 tan‘-

162 2499 196 2554 ta
211 2484 373 2551 celeritate
388 2485 544 2571 rapiatur,
557 2501 591 2546 ut
605 2482 723 2547 nullam
738 2479 907 2545 habeamus
921 2479 1071 2544 idearum·
1124 2507 1125 2522 ¹

164 2571 417 2650 successionem,
432 2571 549 2637 interea
565 2571 642 2635 durn
661 2595 700 2636 ex
724 2592 788 2636 uno
812 2569 885 2632 loco
911 2567 943 2632 in
970 2569 1069 2634 alium

162 2655 370 2748 lransfertnr,
387 2660 533 2739 dicimus²
548 2661 579 2722 in
599 2663 740 2726 instanti
765 2660 899 2746 spatium
928 2677 1071 2743 percut-

161 2741 353 2822 snmfnisse.
465 2819 468 2824 ,
890 2817 892 2821 ,

204 2847 205 2850 ’
230 2829 268 2894 ln
295 2831 348 2897 illa
372 2830 568 2921 hypothesi,
592 2853 675 2920 quae
696 2833 736 2900 ad
757 2831 975 2899 themistarum
994 2833 1070 2918 opi·

163 2918 289 2982 trionem
318 2915 407 2984 facile
438 2923 590 3001 ‘revocari
624 2939 752 3008 potest,
789 2921 891 2983 statim
928 2922 1071 2985 solvitur

187 3003 300 3093 nlgaris
316 3007 512 3085 scotistatum
524 3009 676 3077 obiectio.
689 3010 867 3078 Aeternitas
878 3009 968 3083 enim
984 3023 1068 3073 tem-
