2326 3438
220 191 286 276 246
404 212 407 216 ·
465 207 821 260 insurrecturum.
894 207 899 214 ⁴

216 281 330 360 scant,
359 302 440 371 quas
468 283 601 370 scriptor
626 283 679 348 ille
704 283 736 346 in
762 281 889 348 sinceris
909 277 1062 350 artisces
1147 321 1148 334 2

214 375 320 462 tisque
342 371 430 437 libris
455 368 672 460 expresserat,
703 372 760 434 nisi
776 372 903 438 aliunde
919 388 1062 452 constet,
1147 445 1148 450 γ

214 463 401 549 scriptorem
424 459 513 526 illurn
538 460 723 529 sententiam
749 477 944 526 retractasse.
970 461 1065 526 Huic
1147 457 1148 496 i

213 547 330 616 falsitas
354 545 648 638 argumento'iliud
672 567 722 616 est
753 550 938 614 finitimum:
961 549 986 612 si
1014 551 1063 614 ii-

213 637 271 704 ber
286 639 339 704 ilie
356 639 441 704 rudis
455 637 562 728 adeo,
587 655 623 703 et»
639 639 755 726 ineptis
780 639 936 727 variisque
968 657 1064 704 erro-

211 727 300 794 ribus
332 727 542 815 interspersus
572 727 631 808 sit,
658 745 695 792 ut
724 726 869 818 indignus
898 725 1063 816 videatur,

211 817 266 904 qui
292 817 393 882 docto
420 817 612 904 eruditoqtte
639 817 785 902 scriptori
813 819 910 882 veluti
941 817 1063 903 genui-¹

209 927 270 970 nus
298 905 393 993 ipsius
422 903 527 973 foetus
557 905 734 982 tribuatur,
759 907 815 970 nisi
843 907 900 970 alia
923 902 1063 972 habean-¹

209 1012 262 1060 tur
296 995 481 1060 sinceritatis
517 995 655 1074 iudicia,
692 995 872 1082 exquibus
899 995 1062 1064 coniicere'

209 1083 326 1164 liceat,
357 1083 469 1148 librum
494 1084 584 1149 ilium
599 1083 638 1152 ab
655 1100 784 1149 auctore
799 1083 850 1150 vel
866 1084 1063 1152 dormitante

149 1199 152 1206 ¹
208 1174 259 1238 vei
272 1173 396 1238 iuniore
407 1177 621 1262 conscriptum
636 1172 737 1238 fuisse.
754 1173 946 1262 Suppositus
960 1175 1059 1240 etiam

207 1257 465 1328 censeri'inerito
491 1261 613 1348 poterit
640 1260 717 1326 iiber
740 1256 814 1342 itte,
841 1265 872 1327 in
899 1283 963 1349 quo
992 1285 1062 1327 rna-

208 1349 292 1415 xr‘ma
312 1349 374 1414 stili
397 1349 532 1416 varietas
557 1350 764 1429 observatur,
789 1351 811 1416 si
834 1371 907 1416 curn
930 1353 1060 1418 sinceris

209 1437 274 1502 aliis
304 1439 449 1505 eiusdem
481 1439 645 1525 scriptoris
673 1437 824 1526 operibus
857 1439 1062 1506 conferamur

209 1525 370 1593 Eximitnn
395 1547 525 1616 quoque
555 1529 785 1618 suppositionis
813 1527 960 1597 indicium
988 1551 1058 1612 pu·
1147 1577 1148 1616 ,

209 1618 269 1681 teri
300 1618 418 1696 debet,
449 1618 474 1680 si
511 1616 552 1684 ab
589 1617 815 1703 antiquioribus
851 1616 1064 1704 scriptoribus
1147 1633 1148 1666 r

209 1705 307 1772 verba
328 1705 485 1792 quaedam
507 1709 598 1771 citata
618 1709 666 1772 vel
683 1729 831 1794 expressa
854 1704 970 1772 fuerint
987 1705 1061 1774 vei-'2
1147 1711 1148 1786 j

207 1797 254 1858 uri
276 1793 316 1858 ab
339 1796 447 1878 aliquo
468 1797 630 1884 scriptoris
652 1791 733 1860 libro
754 1796 945 1884 desumpta,
969 1817 1061 1882 quae
1147 1797 1148 1828 ¹

207 1897 313 1948 temen
344 1885 374 1946 in
394 1902 528 1966 opere,
563 1886 652 1949 cuius
682 1883 842 1950 sinceritas
872 1885 1060 1971 inquiritur,
1147 1919 1148 1924 ¹

206 1969 343 2035 minime
356 1970 561 2056 reperiantur.
582 1973 642 2044 Sed
658 1970 752 2062 longe
768 1975 880 2038 clarius
903 1973 973 2038 libri
989 1971 1060 2038 fal-r
1147 1979 1148 2040 i

206 2059 279 2122 sitas
307 2060 570 2141 demonstratur,
607 2063 631 2124 si
659 2082 756 2128 voces
788 2063 855 2126 illas
891 2061 1060 2143 adhibeat?

206 2169 290 2236 quae
324 2148 421 2236 longe
450 2152 607 2238 posterius
634 2151 780 2218 inventae
811 2150 862 2218 vel
890 2151 1059 2220 institutae

153 2291 156 2304 .
207 2253 309 2316 sunt,
340 2257 395 2303 aut
427 2239 451 2302 si
485 2240 537 2306 ilia
568 2236 683 2306 referat
699 2287 711 2320 ,
741 2261 824 2326 quae
852 2240 1059 2328 temporibus

205 2325 243 2392 iis
272 2327 416 2392 nondum
444 2331 667 2418 contigerant,
691 2328 807 2414 quibus
835 2328 886 2394 ilie
915 2330 1059 2416 script-us,

205 2417 347 2504 ponitur.
371 2417 512 2500 Maxima
534 2437 663 2506 quoque
688 2417 916 2506 suppositionis
941 2414 1057 2507 turpi-³

204 2504 257 2568 cio
284 2506 359 2568 oriri
391 2507 536 2589 poterit,
570 2507 593 2570 si
619 2509 650 2572 in
680 2504 786 2586 libro,
815 2507 869 2594 qui
897 2507 1057 2597 peculiari
1126 2545 1128 2548 ·

204 2591 345 2680 quodam
362 2593 511 2660 idiomate
525 2598 725 2682 conscriptus
742 2596 953 2681 supponitur,
969 2617 1054 2661 non«

203 2682 291 2746 nulia
315 2685 533 2770 reperiantur,
558 2705 637 2772 quse
659 2683 821 2749 idiomatis
843 2683 924 2748 illius
951 2686 1054 2752 indo-³
1147 2711 1148 2748 3

203 2769 234 2834 li
247 2769 312 2835 sive
333 2773 426 2858 genio
446 2771 805 2860 repugnent.-Dubitari
830 2794 963 2861 quoque
984 2775 1053 2840 notr'
1147 2837 1148 2840 ,

204 2859 322 2945 poterit
334 2906 344 2936 ,
367 2860 448 2944 quin
461 2863 647 2950 suppositus
672 2863 712 2926 sit
733 2861 812 2928 liber
830 2861 903 2939 ille,
922 2862 960 2925 in
983 2873 1053 2950 quo

202 2947 257 3015 vei
276 2948 429 3038 temporie
450 2951 501 3018 vei
522 2949 585 3018 ioci
599 2949 688 3035 ,sel
710 2953 790 3020 alite
811 2968 916 3020 tetum
940 2968 1054 3041 gesta*
