2326 3438
215 169 268 226 ta
449 124 646 224 ιιιιτιιντ.
670 135 808 222 sttruos

211 245 382 312 absurdum
406 265 479 326 est,
500 267 608 351 ..quum
634 266 689 312 ens
711 241 879 332 quodlibet
904 227 1047 309 sensibus

212 333 342 400 obvium
359 337 559 440 apostetiori
575 331 726 423 possibile
739 352 970 420 agnoscamus,
1001 349 1048 396 et·

212 425 237 487 si
264 426 428 490 essentiam
455 423 520 489 eins
546 423 739 527 ignoremus.
767 421 931 487 Etenim
923 441 947 484 rs
971 433 1045 482 tan-

213 525 282 574 turn
301 511 383 578 entis
407 509 676 600 possibilitatem
668 509 864 576 intrinsecam
886 509 1051 610 agnoscit,

213 599 268 686 qui
282 621 300 664 a
314 603 408 690 priotr
400 601 637 666 demonstrare
652 615 779 688 potest,
795 619 848 663 ens
861 618 925 664 esse
935 594 1050 668 intrin-

213 705 306 754 secus
329 687 488 775 possibile.
516 685 567 754 Ita
583 689 747 754 essentiam
767 685 913 791 trianguli
933 685 1055 768 aequi-

216 777 303 842 lateri
331 793 442 856 tenet,
472 777 526 862 qni
556 793 619 840 non
640 777 741 840 solum
764 776 881 852 novit,
908 773 1053 862 triangu-

216 866 282 930 lum
307 865 533 952 aequilaterum
552 866 653 931 tribus
667 863 843 931 lateribus
836 879 924 932 tuter
941 883 974 929 se
997 883 1052 927 ae·-

216 953 365 1058 qualibus
389 955 572 1034 terminari,
601 953 656 1020 sed
684 971 716 1020 et
746 953 776 1017 vi
803 949 1048 1016 constructionis

215 1042 382 1134 intelligit,
406 1065 470 1108 non
485 1065 659 1150 repugnare
673 1086 682 1119 ,
697 1060 733 1107 nt
747 1061 810 1107 tres
826 1041 927 1106 lineae
942 1057 1046 1106 rectae

215 1132 298 1197 inter
319 1155 351 1198 se
366 1133 538 1234 aequales
531 1147 719 1234 iungantur,
750 1149 782 1195 et
795 1129 939 1234 spatium
959 1150 1049 1193 com-

216 1219 426 1324 prehendant.
464 1219 549 1288 Hinc
580 1219 855 1325 possibilitatem
848 1216 1051 1283 intrinsecam

216 1310 303 1374 entis
319 1329 355 1372 ac
383 1307 517 1396 proinde
536 1310 702 1375 essentium
725 1308 944 1395 intelligimus,
973 1304 1052 1370 dnm

131 1472 134 1478 ¹
214 1397 419 1485 intelligimus
447 1397 601 1475 modum,
622 1417 696 1498 quo
718 1418 772 1462 ens
798 1397 863 1461 fieri
886 1410 1014 1499 potest.

265 1482 328 1549 Ill
374 1486 443 1558 Cur
464 1487 598 1570 essentia
621 1484 679 1574 ipsi
702 1487 764 1550 enti
781 1484 874 1561 insit,
905 1487 983 1548 ratio
1005 1483 1056 1548 in·

218 1571 355 1640 trinseca
369 1573 454 1640 nulla
469 1573 573 1640 datur.
602 1573 662 1638 Est
676 1575 758 1640 euim
774 1574 907 1658 primunr
923 1617 933 1651 ,
963 1572 1056 1679 qupd

217 1661 254 1726 in
277 1683 366 1729 ente
373 1665 527 1752 ponitur,
556 1661 694 1750 ideoque
718 1662 793 1726 nihil
822 1663 906 1751 prius
928 1657 1055 1766 concipi

222 1769 355 1854 potest,
384 1773 423 1817 ex
439 1773 504 1841 quo
519 1751 738 1838 intelligatur,
768 1773 823 1816 cur
846 1751 979 1816 essentia
993 1747 1055 1835 ipsi

220 1839 293 1904 'enti
300 1839 384 1902 insit.
412 1837 460 1904 Sic
476 1839 562 1905 nulla
578 1841 670 1904 datur
686 1841 763 1905 ratio
778 1841 969 1915 intrinseca,
996 1859 1057 1903 cur

218 1927 424 2016 triangulum
432 1929 656 2014 aequilaterum
673 1929 731 1992 tria
752 1926 869 1993 habeat
883 1927 982 1992 latera
1002 1933 1059 1992 a'e·

217 2015 338 2102 ffqnalia
352 2015 440 2080 Cur
433 1952 522 2081 rnsqint
538 2015 694 2080 attributa
709 2018 834 2103 propria
844 2063 856 2095 ,
870 2035 951 2100 quae
968 2037 1060 2080 nem·
1101 2027 1105 2034 “

216 2122 268 2192 pe
293 2105 369 2168 dato
397 2105 461 2171 enti
484 2104 581 2170 unice
609 2122 828 2190 competunt,
859 2103 939 2168 ratio
967 2101 1061 2169 sufli-

223 2191 307 2256 ciens
325 2193 356 2256 in
382 2193 512 2258 essentia
536 2193 725 2258 continetur.
754 2191 856 2258 Cur
849 2195 941 2258 insint
969 2191 1061 2257 attri-

221 2279 302 2364 buta
328 2282 537 2360 communia,
574 2303 655 2370 qnae
683 2282 799 2347 scilicet
830 2281 895 2346 aliis
927 2279 1061 2346 entibus

223 2371 443 2450 conteniunt,
473 2372 552 2435 ratio
572 2368 739 2435 sufficiens
738 2371 926 2435 continetur
943 2367 974 2434 in
992 2369 1061 2434 aliis

225 2457 433 2561 quibusdam
443 2459 602 2525 attributis
632 2457 864 2538 communibus
898 2458 1063 2537 Similiter,

225 2565 283 2610 cnr
314 2545 433 2610 modi
425 2567 525 2614 messe
553 2546 702 2634 possint,
734 2548 813 2612 ratio
843 2543 1037 2614 sufficiens
1027 2567 1064 2612 tn

227 2631 386 2698 attributis
406 2637 603 2703 continetur
630 2635 699 2700 Cur
719 2652 825 2702 autern
850 2653 923 2700 actu
950 2634 1064 2716 insint,

217 2723 305 2784 ‘ratio
330 2719 487 2790 sufficiens
515 2724 695 2788 continetur
721 2724 804 2788 vel
796 2746 826 2788 ru
853 2723 916 2788 aliis
945 2723 1067 2802 modis,

224 2809 310 2872 trel
299 2829 332 2870 tn
359 2811 426 2872 aliis
447 2811 604 2889 entibus,
634 2812 685 2878 vel
706 2815 797 2876 etiam
824 2813 854 2874 in
877 2811 1006 2876 entibus
1032 2827 1069 2875 et

223 2895 327 2962 modis
343 2895 455 2984 simul.
490 2897 651 2988 Exemplo
676 2916 778 2966 totam
805 2920 869 2966 rem
893 2896 1071 2964 illustrabi-
