2258 3428
217 167 302 218 ms
323 169 350 216 1.
375 167 535 218 merens.
554 167 629 218 cau.
654 165 711 214 ηπ.
833 171 900 248 129

46 235 155 304 tionis
169 234 369 326 simplicitate
386 257 418 305 et
436 240 604 328 perspicua
622 235 805 321 brevitate,
834 265 900 312 non

49 328 97 392 ad
116 347 288 393 sermonem
308 331 437 394 latinum
453 330 622 398 dumtaxat
637 328 820 432 pertinent,
844 333 901 400 ttd

50 418 204 482 etiamad
221 417 308 484 aliud
327 410 496 505 quodlibet
513 435 666 484 sermonis
679 438 791 508 genus.
821 417 899 488 Ne·

53 525 120 592 qne
137 508 233 572 eriam
259 505 353 573 rebus
373 506 498 594 philoso
525 503 600 568 hicis
623 505 788 572 dumtaxat
813 529 898 574 con-

57 595 185 660 veniunt
204 639 215 674 ,
248 595 305 660 sed
321 596 350 658 in
365 595 432 659 aliis
449 528 643 684 quintine
658 594 812 664 docendis
829 597 897 666 dit-

45 681 173 770 tiptinis
208 685 313 750 valere
337 681 468 750 debent.

300 857 589 942 Anrrevtvs
607 858 656 930 11.

338 986 618 1126 neustrie...

468 1211 497 1282 I·

51 1239 253 1370 Definitio
275 1317 347 1370 est:
381 1308 511 1384 oratio,
542 1322 609 1393 qua
632 1299 823 1394 explicatur
841 1299 892 1386 td,

46 1393 144 1482 quod
155 1395 330 1459 obscurum
346 1408 396 1457 est
418 1397 452 1458 in
467 1416 501 1458 re
516 1391 569 1458 vel
584 1397 617 1458 irt
637 1397 770 1458 nomine.
803 1395 894 1460 Hine

49 1482 177 1570 duplex
203 1484 305 1548 oritur
326 1481 516 1546 definitionis
540 1482 685 1568 species,
714 1481 772 1546 alia
799 1483 893 1546 nimi·

51 1593 124 1634 tutu
139 1573 277 1636 nominis
295 1615 305 1650 ,
334 1592 415 1656 quae
432 1571 534 1656 ipsum
557 1588 672 1636 numen
690 1613 699 1646 ,
731 1569 813 1633 illius
829 1569 895 1632 sci-

53 1660 132 1722 licet
164 1658 230 1722 uim
256 1677 284 1724 et
316 1659 571 1748 significationem
599 1657 715 1722 clarius
746 1656 893 1744 exponit.

56 1745 112 1810 De
142 1742 205 1808 hac
233 1745 408 1813 definitione
436 1748 507 1812 satis
537 1744 605 1811 fuse
633 1745 753 1812 dictum
784 1761 830 1812 est
862 1744 896 1811 in

61 1831 202 1897 'articulo
223 1836 431 1920 praecedenti.
461 1836 532 1902 Atia
554 1852 659 1902 autem
675 1851 723 1902 est
751 1834 895 1902 definitio

59 1922 115 1986 rei
121 1967 134 2000 ,
159 1943 241 2008 quae
259 1925 424 2012 explieat,
451 1925 527 2012 quid
545 1945 592 1990 res
613 1924 680 2012 ipsa
697 1923 759 2002 sit,
789 1926 832 1990 ita
857 1939 894 1989 ut

55 2031 107 2074 res
134 2009 260 2076 definita
290 2015 331 2078 ab
359 2013 417 2078 alia
442 2015 641 2100 quacumque.
672 2012 893 2100 distinguatur.

54 2098 218 2177 Quoniam
249 2119 357 2167 autem
384 2123 432 2167 res
463 2125 481 2167 a
512 2123 546 2168 se
576 2101 710 2167 invicem
740 2122 804 2180 non
838 2100 895 2165 nisi

45 2209 114 2276 'per
131 2208 223 2252 notas
236 2189 383 2278 distingui
400 2209 533 2276 possunt
548 2214 557 2268 ;
586 2205 701 2276 patet,
728 2186 895 2254 definitiu-

52 2299 130 2344 netu
150 2277 225 2341 nihil
248 2278 337 2344 aliud
355 2300 449 2358 esse,
478 2280 535 2344 nisi
553 2295 724 2354 notarum,
756 2299 839 2366 quae
854 2278 896 2344 ad

49 2389 121 2432 rem
147 2366 383 2455 agnoscendam
409 2385 442 2434 et
467 2367 506 2432 ab
531 2369 589 2430 alia
612 2363 755 2453 qualibet
781 2365 898 2430 distin·
947 2400 950 2404 ·

50 2453 215 2544 guendam
232 2453 417 2533 sufficiunt,
443 2457 722 2540 enumerationem.
750 2453 897 2519 Praeter·

51 2566 93 2608 ea
119 2562 212 2608 notae
235 2544 445 2610 desumuntur
471 2543 512 2610 ab
538 2543 694 2609 attributis
718 2541 894 2610 essentiali·
954 2579 958 2586 ·

51 2629 120 2693 bus
134 2675 146 2706 ,
174 2631 224 2696 vel
250 2635 344 2698 etiam
368 2634 407 2698 ab
430 2635 498 2718 ipsa
514 2632 692 2714 modorum„
706 2650 736 2696 et
762 2632 895 2698 relatio·

50 2740 136 2784 num
162 2721 378 2804 possibilitate.
409 2719 523 2807 Itaque
549 2721 689 2786 detinitio
717 2721 762 2797 rei
782 2723 895 2788 iterum
962 2769 964 2786 r

51 2807 181 2894 duplex
206 2827 277 2888 est,
304 2808 633 2876 essentialis-scilicet
657 2815 692 2874 'et
714 2807 897 2900 descripti-

5 2907 8 2916 *
53 2894 347 3052 vaTErsJitialit
362 2913 432 2966 est:
458 2897 523 2968 ,ila
538 2917 656 3051 ’idda‘
669 2895 817 2986 ‘xpum'
831 2919 898 2993 '¹⁴⁴-
953 2981 965 2992 η

136 3005 197 3052 em.
233 3030 241 3050 ·
