2258 3428
256 163 338 211 sarrs
363 164 379 208 1
408 161 570 213 seorsus.
593 163 668 212 oar.
688 165 740 212 rr.
875 165 915 236 73

69 253 154 312 tur,
176 234 236 301 iam
264 237 408 300 Socrates
436 255 509 299 cum
534 233 601 298 aliis
625 233 806 302 hominibus
832 253 919 300 con·

73 327 183 405 venit,
213 343 246 391 et
274 323 368 389 notio
397 321 559 412 singularis
589 323 695 392 evadit
725 321 919 404 universalis,

78 415 152 502 quia
174 435 240 478 non
265 413 428 477 Socratem
452 413 636 492 dumtaxat,
658 411 714 480 sed
736 434 845 478 omnes
858 409 920 476 lto·

80 503 171 570 mines
194 500 338 568 exhibet.
361 499 568 586 Perspicuum
593 520 658 581 est,
683 502 774 568 simlli
800 523 918 590 opera-

78 591 164 659 tione
190 613 259 656 nou
283 590 387 654 solum
408 592 552 672 notiones
575 591 744 678 singulares
765 591 830 657 lieri
844 589 919 656 uni·

75 679 243 754 versales3
269 698 380 745 verum
402 695 433 743 et
455 679 646 748 universales
670 681 733 746 fieri
756 679 920 746 universa·

72 771 182 836 liores·
208 767 295 832 Nam
322 765 587 854 quemadmodum
612 769 702 834 notio
723 767 859 834 Socratis
884 767 919 834 llt

72 857 285 932 universalis,
312 875 410 942 quum
434 857 595 923 Socratem
614 874 651 923 ut
674 857 831 924 hominem
846 873 920 922 tan·

70 966 144 1014 rum
167 943 425 1021 consideramus;
448 943 491 1010 ita
515 947 603 1009 notio
628 945 681 1010 illa
708 945 821 1012 evadet
846 945 920 1010 uni·

72 1035 259 1123 versalior,
283 1033 396 1098 sicum
417 1031 654 1102 consideramus
677 1051 712 1100 ut
737 1032 870 1113 animal,
884 1053 921 1098 ae

74 1125 215 1189 tandem
239 1119 404 1186 maximam
422 1122 685 1189 universalitatem
708 1123 879 1212 adquiret,
895 1122 921 1186 si

78 1233 156 1280 eum
178 1227 217 1274 'ut
240 1229 374 1296 corpus,
401 1212 451 1276 vel
466 1227 501 1274 ut
516 1233 570 1276 ens
584 1211 825 1279 indeterminate
842 1231 922 1276 con·

75 1299 287 1386 templemnr.
310 1293 350 1362 ln
378 1296 441 1362 hoc
468 1315 573 1366 autem
601 1302 821 1392 operationum
847 1319 923 1387 pro·

75 1410 191 1478 gressu
214 1386 291 1453 nihil
315 1384 402 1450 aliud
422 1385 646 1466 observamus,
671 1392 727 1456 nisi
737 1393 923 1478 praecisio-

80 1501 155 1544 nem
179 1499 205 1540 a.
219 1473 449 1565 singularibus,
477 1497 513 1542 ac
534 1477 670 1562 proinde
699 1493 807 1564 patet,
836 1475 935 1542 ideas·

80 1567 281 1630 universales
298 1585 337 1628 ex
355 1561 562 1650 singularibus
578 1583 685 1630 ortum
702 1565 827 1630 habere.
844 1561 935 1628 Por--

86 1673 129 1716 ro
143 1651 410 1737 quemadmodum
427 1652 516 1719 ideae
532 1655 703 1743 singulares
716 1673 774 1743 per
787 1651 926 1716 abstrac·

89 1740 215 1803 tionem
243 1741 305 1804 lieri
331 1759 460 1824 possunt
489 1744 699 1822 universales,
731 1745 773 1808 ita
802 1743 936 1808 inversa·

91 1827 277 1914 operatione
302 1826 388 1895 ideae
417 1832 606 1899 universales
636 1853 694 1920 per
719 1830 937 1920 compositio-¹

86 1937 167 1982 nem
193 1919 243 1982 v'el
272 1917 467 1984 additionem
497 1921 562 1986 fieri
594 1937 710 2007 posunt
739 1922 924 2007 singulares.

84 2007 136 2071 Sic
159 2005 232 2072 idea
255 2006 518 2074 universalissima
544 2013 622 2075 entis
640 2012 707 2095 'per
730 2011 925 2076 additionem

84 2095 286 2182 cogitationis
311 2113 522 2182 repraesentat
552 2119 607 2164 ens
635 2100 795 2185 cogitans3
813 2098 836 2160 si
862 2097 934 2161 ad·-

85 2183 185 2247 datur
218 2183 404 2248 attributum
438 2187 621 2265 infinitatis,
656 2187 715 2249 alra
745 2184 925 2251 suborietur

81 2271 159 2337 idea
187 2248 350 2360 singularis
364 2293 377 2350 ,·
405 2285 488 2360 quae
518 2295 571 2340 ens
599 2276 740 2362 cogitans
768 2291 799 2338 et
826 2274 928 2338 inlini·

82 2378 155 2427 rum
184 2379 297 2447 nempe
328 2362 433 2426 Deum
463 2383 562 2426 unum
591 2363 733 2429 exlriben
765 2361 856 2438 Quae
887 2363 937 2428 de¹

84 2446 210 2515 formali
249 2468 283 2514 et
329 2450 476 2514 materiali
504 2451 644 2518 idearum
674 2449 850 2516 differentia
880 2451 939 2514 dim

82 2538 207 2612 ximus,
233 2560 274 2602 ex
301 2537 414 2602 Wolfii
437 2540 802 2630 logieaaeeuntraximus,
826 2537 927 2608 'addi-

84 2625 127 2691 tis
152 2625 246 2692 etiam
269 2627 462 2695 nonnullis
497 2648 509 2668 ⁸
810 2632 832 2638 ”
