2298 3418
269 145 355 194 enas
372 143 446 192 stt.
471 143 630 194 tootnus.
652 143 729 192 ont.
749 145 800 190 ιι.
891 145 956 216 239

103 216 159 304 gis
176 216 336 305 magisque
359 213 593 294 emendarunt,
619 213 722 282 donee
746 213 875 282 tandem
899 238 955 284 ve·

104 307 241 372 ritatem
294 308 417 394 roptius
439 302 553 370 intueri
572 302 683 371 datum
707 302 816 372 fuerit.

163 393 210 462 V.
290 394 426 482 equisita
454 392 495 458 ad
531 393 697 459 veritatem
731 390 955 481 hypotheseos

107 479 353 572 philosophicae
369 498 444 550 sunt
466 481 588 570 singula
614 479 832 568 phaenomena
847 525 857 558 ,
872 503 956 568 quo·

108 592 183 638 runt
204 594 259 659 per
272 571 478 664 hypothesim
494 569 641 637 redditur
661 574 756 636 ratio.
785 572 816 636 Si
841 570 958 660 hypo·

111 659 213 726 thesis
238 662 282 730 ob
306 660 464 748 quaedam
497 675 621 725 tanturn
648 660 866 748 phaenomena
894 662 959 726 ad·

103 751 274 830 mittitur,
297 773 334 818 ea
359 750 418 816 erit
439 748 550 836 opinio
566 748 765 836 probabilis,
795 751 871 839 quia
896 773 956 817 sn-

95 839 209 904 'mitnr
236 839 281 905 oh
305 836 463 925 quaedam
495 841 620 904 t'antum
647 837 688 904 ad
710 841 873 908 ueritatem
901 863 956 908 re·

105 927 240 1014 quisita.
264 927 296 993 Si
321 946 426 996 autem
452 926 596 1012 precatio
611 927 769 1006 sumitur,
795 926 956 1015 probahi-

107 1016 234 1085 litatem
250 1016 368 1082 nnllam
387 1014 507 1084 habent
521 1057 532 1093 ,
546 1031 663 1103 utpote
677 1036 761 1103 quae
777 1016 863 1082 omni
878 1039 956 1106 pro-

107 1102 246 1172 batione
262 1102 452 1171 destituitut.
469 1101 513 1168 ‚Si
543 1100 717 1194 hypothesi
743 1103 956 1193 philosophi·

109 1213 176 1257 cae
203 1192 253 1258 vei
278 1215 374 1260 unum
401 1209 555 1281 repugnat
579 1192 851 1280 phaenomenon,
878 1191 956 1264 salsa

111 1299 167 1348 est
182 1277 381 1370 hypothesis.
396 1283 484 1348 Nam
502 1303 585 1371 quae
609 1281 667 1347 sibi
691 1300 806 1349 mutuo
831 1306 954 1373 repug-

110 1387 217 1450 nant,
245 1391 307 1437 una
331 1391 398 1438 esse
424 1386 617 1458 nequeunt,
642 1389 698 1438 aut
730 1371 824 1462 igitur
851 1373 958 1440 existit

111 1457 307 1548 hypothesis
325 1503 336 1539 ,
352 1477 407 1526 aut
458 1458 679 1525 hatnotntnon
695 1483 705 1538 ;
723 1461 778 1526 sed
795 1463 826 1526 ui
840 1460 958 1528 obser·

112 1547 251 1616 sationis
277 1549 384 1614 existit
407 1483 649 1636 phaenomenon
666 1571 677 1624 3
697 1569 774 1638 ergo
788 1547 959 1639 hypothe-

114 1638 157 1702 sis
185 1658 249 1702 non
276 1637 407 1716 existit,
430 1658 467 1704 ac
491 1637 627 1724 proinde
652 1632 728 1702 falsa
754 1653 811 1703 est.

180 1725 211 1790 Si
225 1728 379 1815 quaedam
391 1725 601 1792 obstruantur
614 1724 852 1814 phaenomena,
867 1745 957 1815 quo-

113 1833 185 1877 rum
200 1815 282 1880 ratio
311 1837 367 1903 ptr
394 1814 603 1905 hypothesim
618 1837 683 1881 non
701 1833 791 1907 patet
806 1863 816 1898 ,
833 1839 870 1884 ea
892 1815 959 1882 im-

114 1901 291 1989 probabilis
314 1921 374 1972 est.
389 1901 502 1984 Quum
524 1903 607 1972 enim
632 1904 673 1972 ad
699 1907 867 1974 veritatem
889 1904 961 1996 hy«

115 1989 287 2078 potheseos
315 1994 518 2082 requiratur,
545 2009 581 2059 ut
600 1994 742 2060 omnium
759 1996 959 2085 phaenome-

115 2101 233 2144 norum
249 2079 330 2148 ratio
355 2081 428 2150 inde
454 2081 544 2150 reddi
568 2083 670 2168 possit
683 2129 695 2163 ,
710 2084 742 2148 in
755 2105 830 2150 casu
846 2099 959 2150 nostto

116 2169 263 2256 suspicio
284 2187 357 2249 est,
386 2192 454 2238 eam
474 2173 629 2238 rationem
653 2170 685 2235 in
712 2170 887 2260 hypothesi
900 2171 960 2254 da·

115 2272 151 2322 ta
177 2277 242 2322 non
267 2259 445 2339 contineri,
469 2281 508 2326 ae
522 2257 657 2344 proinde
671 2258 878 2348 hypothesim
889 2281 960 2326 non

117 2363 189 2412 esse
203 2367 320 2414 veram.
335 2345 562 2436 improbabilis
578 2346 675 2437 igitur
694 2364 744 2414 est
759 2346 962 2437 hypothesis.

116 2433 401 2513 Quemadmodum
426 2458 503 2526 ergo
527 2435 752 2526 hypotheseos
779 2433 964 2528 probabili-

117 2538 220 2590 tatem
243 2524 317 2593 iude
334 2525 511 2616 colligimus
526 2571 538 2605 ,
555 2525 645 2614 quod
667 2548 707 2593 ex
724 2549 761 2594 ea
788 2527 961 2593 multorum

116 2609 414 2700 phaenomenorum
429 2616 508 2682 ratio
533 2613 623 2682 reddi
640 2617 765 2703 possit,
782 2615 827 2682 ita
844 2639 861 2682 e
883 2635 963 2682 cona

117 2702 218 2766 trario
234 2704 313 2772 iliius
327 2703 631 2791 improbabilitatem
644 2705 841 2772 aestimamus
856 2729 896 2772 ex
910 2725 962 2786 eo,
1071 2745 1072 2748 =

117 2789 212 2878 quod
237 2809 408 2862 occurrant
441 2793 692 2882 phaenomena,
712 2797 964 2882 qnorumratina
1017 2809 1020 2814 '

116 2899 194 2946 uem
208 2901 266 2968 per
292 2880 505 2970 hypothesim
533 2881 667 2952 reddere
688 2903 754 2948 non
780 2903 965 2978 pessumum
