<?xml version="1.0" encoding="UTF-8"?>
<!DOCTYPE html PUBLIC "-//W3C//DTD XHTML 1.0 Transitional//EN"
    "http://www.w3.org/TR/xhtml1/DTD/xhtml1-transitional.dtd">
<html xmlns="http://www.w3.org/1999/xhtml" xml:lang="en" lang="en">
 <head>
  <title>
</title>
<meta http-equiv="Content-Type" content="text/html;charset=utf-8" />
  <meta name='ocr-system' content='tesseract 3.04.00' />
  <meta name='ocr-capabilities' content='ocr_page ocr_carea ocr_par ocr_line ocrx_word'/>
</head>
<body>
  <div class='ocr_page' id='page_1' title='image "./institutionesph00jacqgoog_0142.png"; bbox 0 0 2258 3428; ppageno 0'>
   <div class='ocr_carea' id='block_1_1' title="bbox 50 169 913 688">
    <p class='ocr_par' dir='ltr' id='par_1_1' title="bbox 50 169 913 688">
     <span class='ocr_line' id='line_1_1' title="bbox 249 169 910 248; baseline 0 -26"><span class='ocrx_word' id='word_1_1' title='bbox 249 175 331 222; x_wconf 76' lang='lat' dir='ltr'>rans</span> <span class='ocrx_word' id='word_1_2' title='bbox 350 176 380 219; x_wconf 91' lang='lat'>1.</span> <span class='ocrx_word' id='word_1_3' title='bbox 396 169 558 219; x_wconf 78' lang='lat' dir='ltr'>rootons.</span> <span class='ocrx_word' id='word_1_4' title='bbox 576 169 651 218; x_wconf 78' lang='lat' dir='ltr'>car.</span> <span class='ocrx_word' id='word_1_5' title='bbox 670 171 745 218; x_wconf 76' lang='grc' dir='ltr'><strong>ιιι.</strong></span> <span class='ocrx_word' id='word_1_6' title='bbox 846 175 910 248; x_wconf 83' lang='lat'>¹¹9</span> 
     </span>
     <span class='ocr_line' id='line_1_2' title="bbox 50 240 911 334; baseline 0.003 -26"><span class='ocrx_word' id='word_1_7' title='bbox 50 244 160 334; x_wconf 83' lang='lat' dir='ltr'>gulae</span> <span class='ocrx_word' id='word_1_8' title='bbox 188 242 373 310; x_wconf 89' lang='lat' dir='ltr'>huiusmodi</span> <span class='ocrx_word' id='word_1_9' title='bbox 399 245 546 308; x_wconf 89' lang='lat' dir='ltr'>notiones</span> <span class='ocrx_word' id='word_1_10' title='bbox 572 240 722 308; x_wconf 82' lang='lat' dir='ltr'>exhibent</span> <span class='ocrx_word' id='word_1_11' title='bbox 751 257 844 308; x_wconf 88' lang='lat' dir='ltr'>notas</span> <span class='ocrx_word' id='word_1_12' title='bbox 866 248 911 314; x_wconf 91' lang='lat' dir='ltr'>ad</span> 
     </span>
     <span class='ocr_line' id='line_1_3' title="bbox 59 328 913 422; baseline 0.002 -24"><span class='ocrx_word' id='word_1_13' title='bbox 59 355 136 398; x_wconf 83' lang='lat' dir='ltr'>rem</span> <span class='ocrx_word' id='word_1_14' title='bbox 160 333 399 422; x_wconf 79' lang='lat' dir='ltr'>agnoscendam</span> <span class='ocrx_word' id='word_1_15' title='bbox 426 346 459 399; x_wconf 90' lang='lat' dir='ltr'>et</span> <span class='ocrx_word' id='word_1_16' title='bbox 492 328 533 394; x_wconf 91' lang='lat' dir='ltr'>ab</span> <span class='ocrx_word' id='word_1_17' title='bbox 563 329 621 394; x_wconf 91' lang='lat' dir='ltr'>illis</span> <span class='ocrx_word' id='word_1_18' title='bbox 656 329 913 420; x_wconf 77' lang='lat' dir='ltr'>distinguendam</span> 
     </span>
     <span class='ocr_line' id='line_1_4' title="bbox 62 418 911 508; baseline 0.007 -22"><span class='ocrx_word' id='word_1_19' title='bbox 62 419 272 490; x_wconf 81' lang='lat' dir='ltr'>sufficientes.</span> <span class='ocrx_word' id='word_1_20' title='bbox 297 423 410 502; x_wconf 85' lang='lat' dir='ltr'>Quare</span> <span class='ocrx_word' id='word_1_21' title='bbox 441 418 635 484; x_wconf 82' lang='lat' dir='ltr'>vocabulum</span> <span class='ocrx_word' id='word_1_22' title='bbox 661 420 837 508; x_wconf 80' lang='lat' dir='ltr'>quamlibet</span> <span class='ocrx_word' id='word_1_23' title='bbox 869 445 911 492; x_wconf 85' lang='lat' dir='ltr'>ex</span> 
     </span>
     <span class='ocr_line' id='line_1_5' title="bbox 68 509 912 599; baseline 0.008 -25"><span class='ocrx_word' id='word_1_24' title='bbox 68 510 114 574; x_wconf 85' lang='lat' dir='ltr'>bis</span> <span class='ocrx_word' id='word_1_25' title='bbox 137 511 327 578; x_wconf 90' lang='lat' dir='ltr'>notionibus</span> <span class='ocrx_word' id='word_1_26' title='bbox 349 510 542 599; x_wconf 88' lang='lat' dir='ltr'>indigitans,</span> <span class='ocrx_word' id='word_1_27' title='bbox 566 529 631 573; x_wconf 94' lang='lat' dir='ltr'>non</span> <span class='ocrx_word' id='word_1_28' title='bbox 656 509 718 578; x_wconf 90' lang='lat' dir='ltr'>nisi</span> <span class='ocrx_word' id='word_1_29' title='bbox 743 509 846 577; x_wconf 88' lang='lat' dir='ltr'>eidem</span> <span class='ocrx_word' id='word_1_30' title='bbox 868 515 912 581; x_wconf 91' lang='lat' dir='ltr'>rel</span> 
     </span>
     <span class='ocr_line' id='line_1_6' title="bbox 65 597 911 688; baseline 0.005 -24"><span class='ocrx_word' id='word_1_31' title='bbox 65 597 244 680; x_wconf 80' lang='lat' dir='ltr'>tribuitur,</span> <span class='ocrx_word' id='word_1_32' title='bbox 274 600 482 686; x_wconf 87' lang='lat' dir='ltr'>eamdemque</span> <span class='ocrx_word' id='word_1_33' title='bbox 504 598 636 684; x_wconf 78' lang='lat' dir='ltr'>proinde</span> <span class='ocrx_word' id='word_1_34' title='bbox 652 599 911 688; x_wconf 82' lang='lat' dir='ltr'>significationem</span> 
     </span>
    </p>
   </div>
   <div class='ocr_carea' id='block_1_2' title="bbox 53 687 912 2994">
    <p class='ocr_par' dir='ltr' id='par_1_2' title="bbox 53 687 912 2282">
     <span class='ocr_line' id='line_1_7' title="bbox 55 687 909 780; baseline -0.005 -28"><span class='ocrx_word' id='word_1_35' title='bbox 55 687 169 755; x_wconf 84' lang='lat' dir='ltr'>babet.</span> <span class='ocrx_word' id='word_1_36' title='bbox 193 689 247 755; x_wconf 90' lang='lat' dir='ltr'>Sic</span> <span class='ocrx_word' id='word_1_37' title='bbox 267 690 416 777; x_wconf 84' lang='lat' dir='ltr'>trianguli</span> <span class='ocrx_word' id='word_1_38' title='bbox 438 709 554 753; x_wconf 90' lang='lat' dir='ltr'>nomen</span> <span class='ocrx_word' id='word_1_39' title='bbox 582 709 645 753; x_wconf 90' lang='lat' dir='ltr'>rern</span> <span class='ocrx_word' id='word_1_40' title='bbox 677 689 819 756; x_wconf 86' lang='lat' dir='ltr'>eamdem</span> <span class='ocrx_word' id='word_1_41' title='bbox 844 693 909 780; x_wconf 75' lang='lat' dir='ltr'>sig-</span> 
     </span>
     <span class='ocr_line' id='line_1_8' title="bbox 55 775 912 881; baseline 0.005 -39"><span class='ocrx_word' id='word_1_42' title='bbox 55 779 173 842; x_wconf 84' lang='lat' dir='ltr'>nificat</span> <span class='ocrx_word' id='word_1_43' title='bbox 204 821 216 857; x_wconf 91' lang='lat'><strong>‚</strong></span> <span class='ocrx_word' id='word_1_44' title='bbox 243 778 310 844; x_wconf 84' lang='lat' dir='ltr'>sive</span> <span class='ocrx_word' id='word_1_45' title='bbox 345 775 500 881; x_wconf 86' lang='lat' dir='ltr'>intelligas</span> <span class='ocrx_word' id='word_1_46' title='bbox 530 776 666 862; x_wconf 85' lang='lat' dir='ltr'>spatium</span> <span class='ocrx_word' id='word_1_47' title='bbox 693 777 793 843; x_wconf 90' lang='lat' dir='ltr'>tribus</span> <span class='ocrx_word' id='word_1_48' title='bbox 826 777 912 846; x_wconf 83' lang='lat' dir='ltr'>lineis</span> 
     </span>
     <span class='ocr_line' id='line_1_9' title="bbox 56 865 908 952; baseline 0.002 -20"><span class='ocrx_word' id='word_1_49' title='bbox 56 865 339 933; x_wconf 84' lang='lat' dir='ltr'>concurrentibus</span> <span class='ocrx_word' id='word_1_50' title='bbox 369 881 599 942; x_wconf 76' lang='lat' dir='ltr'>terminatum,</span> <span class='ocrx_word' id='word_1_51' title='bbox 629 867 695 931; x_wconf 81' lang='lat' dir='ltr'>site</span> <span class='ocrx_word' id='word_1_52' title='bbox 722 867 852 952; x_wconf 86' lang='lat' dir='ltr'>liguram</span> <span class='ocrx_word' id='word_1_53' title='bbox 876 869 908 934; x_wconf 89' lang='lat' dir='ltr'>in</span> 
     </span>
     <span class='ocr_line' id='line_1_10' title="bbox 53 953 911 1042; baseline 0.002 -22"><span class='ocrx_word' id='word_1_54' title='bbox 53 979 128 1042; x_wconf 87' lang='lat' dir='ltr'>qua</span> <span class='ocrx_word' id='word_1_55' title='bbox 156 972 234 1019; x_wconf 86' lang='lat' dir='ltr'>sunt</span> <span class='ocrx_word' id='word_1_56' title='bbox 261 971 386 1021; x_wconf 89' lang='lat' dir='ltr'>tantum</span> <span class='ocrx_word' id='word_1_57' title='bbox 411 974 476 1021; x_wconf 89' lang='lat' dir='ltr'>tres</span> <span class='ocrx_word' id='word_1_58' title='bbox 501 953 618 1042; x_wconf 88' lang='lat' dir='ltr'>anguli.</span> <span class='ocrx_word' id='word_1_59' title='bbox 646 953 794 1019; x_wconf 86' lang='lat' dir='ltr'>Similiter</span> <span class='ocrx_word' id='word_1_60' title='bbox 808 975 911 1022; x_wconf 79' lang='lat' dir='ltr'>voca·</span> 
     </span>
     <span class='ocr_line' id='line_1_11' title="bbox 54 1041 911 1134; baseline -0.004 -26"><span class='ocrx_word' id='word_1_61' title='bbox 54 1043 136 1110; x_wconf 89' lang='lat' dir='ltr'>buli</span> <span class='ocrx_word' id='word_1_62' title='bbox 167 1043 352 1134; x_wconf 84' lang='lat' dir='ltr'>significatio</span> <span class='ocrx_word' id='word_1_63' title='bbox 380 1044 491 1110; x_wconf 86' lang='lat' dir='ltr'>eadem</span> <span class='ocrx_word' id='word_1_64' title='bbox 517 1063 563 1107; x_wconf 90' lang='lat' dir='ltr'>est</span> <span class='ocrx_word' id='word_1_65' title='bbox 593 1043 623 1106; x_wconf 94' lang='lat' dir='ltr'>in</span> <span class='ocrx_word' id='word_1_66' title='bbox 650 1041 777 1108; x_wconf 91' lang='lat' dir='ltr'>duobus</span> <span class='ocrx_word' id='word_1_67' title='bbox 803 1041 911 1106; x_wconf 85' lang='lat' dir='ltr'>homi-</span> 
     </span>
     <span class='ocr_line' id='line_1_12' title="bbox 60 1131 911 1222; baseline 0.006 -26"><span class='ocrx_word' id='word_1_68' title='bbox 60 1131 191 1212; x_wconf 90' lang='lat' dir='ltr'>nibus,</span> <span class='ocrx_word' id='word_1_69' title='bbox 216 1149 352 1222; x_wconf 83' lang='lat' dir='ltr'>quorum</span> <span class='ocrx_word' id='word_1_70' title='bbox 381 1133 459 1200; x_wconf 89' lang='lat' dir='ltr'>alter</span> <span class='ocrx_word' id='word_1_71' title='bbox 486 1132 665 1197; x_wconf 90' lang='lat' dir='ltr'>distinctam</span> <span class='ocrx_word' id='word_1_72' title='bbox 688 1133 733 1197; x_wconf 87' lang='lat' dir='ltr'>rei</span> <span class='ocrx_word' id='word_1_73' title='bbox 747 1134 911 1200; x_wconf 87' lang='lat' dir='ltr'>notionem</span> 
     </span>
     <span class='ocr_line' id='line_1_13' title="bbox 57 1219 912 1310; baseline 0.001 -24"><span class='ocrx_word' id='word_1_74' title='bbox 57 1221 196 1301; x_wconf 87' lang='lat' dir='ltr'>habet,</span> <span class='ocrx_word' id='word_1_75' title='bbox 230 1221 319 1287; x_wconf 89' lang='lat' dir='ltr'>-altet</span> <span class='ocrx_word' id='word_1_76' title='bbox 348 1243 426 1288; x_wconf 85' lang='lat' dir='ltr'>vero</span> <span class='ocrx_word' id='word_1_77' title='bbox 450 1219 592 1288; x_wconf 87' lang='lat' dir='ltr'>eiusdem</span> <span class='ocrx_word' id='word_1_78' title='bbox 623 1221 665 1285; x_wconf 88' lang='lat' dir='ltr'>rei</span> <span class='ocrx_word' id='word_1_79' title='bbox 696 1220 813 1286; x_wconf 88' lang='lat' dir='ltr'>claram</span> <span class='ocrx_word' id='word_1_80' title='bbox 833 1225 912 1310; x_wconf 88' lang='lat' dir='ltr'>qui·</span> 
     </span>
     <span class='ocr_line' id='line_1_14' title="bbox 57 1305 912 1398; baseline 0 -22"><span class='ocrx_word' id='word_1_81' title='bbox 57 1311 139 1377; x_wconf 89' lang='lat' dir='ltr'>dem</span> <span class='ocrx_word' id='word_1_82' title='bbox 169 1307 230 1376; x_wconf 89' lang='lat' dir='ltr'>sed</span> <span class='ocrx_word' id='word_1_83' title='bbox 257 1305 461 1389; x_wconf 89' lang='lat' dir='ltr'>confusam,</span> <span class='ocrx_word' id='word_1_84' title='bbox 489 1313 562 1398; x_wconf 90' lang='lat' dir='ltr'>quia</span> <span class='ocrx_word' id='word_1_85' title='bbox 595 1311 684 1375; x_wconf 83' lang='lat' dir='ltr'>notio</span> <span class='ocrx_word' id='word_1_86' title='bbox 709 1311 793 1376; x_wconf 87' lang='lat' dir='ltr'>clara</span> <span class='ocrx_word' id='word_1_87' title='bbox 817 1311 912 1376; x_wconf 85' lang='lat' dir='ltr'>suffi-</span> 
     </span>
     <span class='ocr_line' id='line_1_15' title="bbox 57 1398 910 1486; baseline 0.001 -22"><span class='ocrx_word' id='word_1_88' title='bbox 57 1401 105 1464; x_wconf 93' lang='lat' dir='ltr'>cit</span> <span class='ocrx_word' id='word_1_89' title='bbox 131 1399 174 1465; x_wconf 87' lang='lat' dir='ltr'>ad</span> <span class='ocrx_word' id='word_1_90' title='bbox 207 1420 274 1465; x_wconf 90' lang='lat' dir='ltr'>tem</span> <span class='ocrx_word' id='word_1_91' title='bbox 301 1398 535 1486; x_wconf 82' lang='lat' dir='ltr'>agnoscendam</span> <span class='ocrx_word' id='word_1_92' title='bbox 562 1416 594 1465; x_wconf 90' lang='lat' dir='ltr'>et</span> <span class='ocrx_word' id='word_1_93' title='bbox 628 1398 668 1466; x_wconf 87' lang='lat' dir='ltr'>ab</span> <span class='ocrx_word' id='word_1_94' title='bbox 698 1401 762 1465; x_wconf 88' lang='lat' dir='ltr'>aliis</span> <span class='ocrx_word' id='word_1_95' title='bbox 791 1399 910 1465; x_wconf 86' lang='lat' dir='ltr'>distin-</span> 
     </span>
     <span class='ocr_line' id='line_1_16' title="bbox 60 1485 911 1576; baseline -0.001 -23"><span class='ocrx_word' id='word_1_96' title='bbox 60 1489 256 1576; x_wconf 85' lang='lat' dir='ltr'>guendam,</span> <span class='ocrx_word' id='word_1_97' title='bbox 284 1487 361 1553; x_wconf 90' lang='lat' dir='ltr'>licet</span> <span class='ocrx_word' id='word_1_98' title='bbox 375 1490 407 1552; x_wconf 94' lang='lat' dir='ltr'>in</span> <span class='ocrx_word' id='word_1_99' title='bbox 436 1509 471 1553; x_wconf 86' lang='lat' dir='ltr'>ea</span> <span class='ocrx_word' id='word_1_100' title='bbox 499 1507 563 1550; x_wconf 89' lang='lat' dir='ltr'>non</span> <span class='ocrx_word' id='word_1_101' title='bbox 590 1485 823 1574; x_wconf 86' lang='lat' dir='ltr'>distinguantur</span> <span class='ocrx_word' id='word_1_102' title='bbox 846 1511 911 1552; x_wconf 93' lang='lat' dir='ltr'>no-</span> 
     </span>
     <span class='ocr_line' id='line_1_17' title="bbox 63 1575 912 1666; baseline 0.005 -28"><span class='ocrx_word' id='word_1_103' title='bbox 63 1593 144 1654; x_wconf 87' lang='lat' dir='ltr'>tae,</span> <span class='ocrx_word' id='word_1_104' title='bbox 175 1575 216 1639; x_wconf 86' lang='lat' dir='ltr'>E.</span> <span class='ocrx_word' id='word_1_105' title='bbox 241 1598 272 1663; x_wconf 86' lang='lat' dir='ltr'>g.</span> <span class='ocrx_word' id='word_1_106' title='bbox 302 1577 355 1664; x_wconf 89' lang='lat' dir='ltr'>qui</span> <span class='ocrx_word' id='word_1_107' title='bbox 383 1576 571 1666; x_wconf 84' lang='lat' dir='ltr'>geometriae</span> <span class='ocrx_word' id='word_1_108' title='bbox 595 1577 754 1661; x_wconf 79' lang='lat' dir='ltr'>practicae</span> <span class='ocrx_word' id='word_1_109' title='bbox 777 1593 912 1662; x_wconf 85' lang='lat' dir='ltr'>operam</span> 
     </span>
     <span class='ocr_line' id='line_1_18' title="bbox 70 1661 912 1753; baseline 0.005 -29"><span class='ocrx_word' id='word_1_110' title='bbox 70 1681 220 1740; x_wconf 86' lang='lat' dir='ltr'>navant,</span> <span class='ocrx_word' id='word_1_111' title='bbox 244 1663 445 1730; x_wconf 86' lang='lat' dir='ltr'>definitiones</span> <span class='ocrx_word' id='word_1_112' title='bbox 475 1664 643 1753; x_wconf 87' lang='lat' dir='ltr'>figurarum</span> <span class='ocrx_word' id='word_1_113' title='bbox 669 1661 827 1751; x_wconf 86' lang='lat' dir='ltr'>negligere</span> <span class='ocrx_word' id='word_1_114' title='bbox 852 1685 912 1728; x_wconf 91' lang='lat' dir='ltr'>so-</span> 
     </span>
     <span class='ocr_line' id='line_1_19' title="bbox 70 1750 911 1839; baseline 0.002 -26"><span class='ocrx_word' id='word_1_115' title='bbox 70 1750 170 1825; x_wconf 89' lang='lat' dir='ltr'>lent,</span> <span class='ocrx_word' id='word_1_116' title='bbox 195 1770 286 1838; x_wconf 88' lang='lat' dir='ltr'>arque</span> <span class='ocrx_word' id='word_1_117' title='bbox 317 1753 387 1816; x_wconf 89' lang='lat' dir='ltr'>solo</span> <span class='ocrx_word' id='word_1_118' title='bbox 409 1753 528 1839; x_wconf 85' lang='lat' dir='ltr'>figurae</span> <span class='ocrx_word' id='word_1_119' title='bbox 558 1752 674 1816; x_wconf 90' lang='lat' dir='ltr'>intuitu</span> <span class='ocrx_word' id='word_1_120' title='bbox 702 1755 820 1816; x_wconf 91' lang='lat' dir='ltr'>claram</span> <span class='ocrx_word' id='word_1_121' title='bbox 844 1773 911 1815; x_wconf 88' lang='lat' dir='ltr'>vo-</span> 
     </span>
     <span class='ocr_line' id='line_1_20' title="bbox 74 1837 911 1920; baseline 0.011 -20"><span class='ocrx_word' id='word_1_122' title='bbox 74 1837 259 1904; x_wconf 88' lang='lat' dir='ltr'>cabulorum</span> <span class='ocrx_word' id='word_1_123' title='bbox 285 1841 453 1907; x_wconf 87' lang='lat' dir='ltr'>notionem</span> <span class='ocrx_word' id='word_1_124' title='bbox 471 1841 530 1905; x_wconf 90' lang='lat' dir='ltr'>sibi</span> <span class='ocrx_word' id='word_1_125' title='bbox 556 1841 734 1906; x_wconf 82' lang='lat' dir='ltr'>effortnant.</span> <span class='ocrx_word' id='word_1_126' title='bbox 758 1840 824 1920; x_wconf 89' lang='lat' dir='ltr'>Qui</span> <span class='ocrx_word' id='word_1_127' title='bbox 848 1863 911 1909; x_wconf 82' lang='lat' dir='ltr'>ve-</span> 
     </span>
     <span class='ocr_line' id='line_1_21' title="bbox 70 1927 911 2008; baseline 0.005 -18"><span class='ocrx_word' id='word_1_128' title='bbox 70 1947 108 1991; x_wconf 85' lang='lat' dir='ltr'>ro</span> <span class='ocrx_word' id='word_1_129' title='bbox 135 1927 292 1995; x_wconf 86' lang='lat' dir='ltr'>theoriam</span> <span class='ocrx_word' id='word_1_130' title='bbox 320 1929 377 1995; x_wconf 86' lang='lat' dir='ltr'>sibi</span> <span class='ocrx_word' id='word_1_131' title='bbox 414 1928 593 1996; x_wconf 82' lang='lat' dir='ltr'>familiarem</span> <span class='ocrx_word' id='word_1_132' title='bbox 633 1931 764 2008; x_wconf 88' lang='lat' dir='ltr'>reddit,</span> <span class='ocrx_word' id='word_1_133' title='bbox 792 1930 911 1995; x_wconf 86' lang='lat' dir='ltr'>delini·</span> 
     </span>
     <span class='ocr_line' id='line_1_22' title="bbox 67 2016 909 2107; baseline 0.006 -27"><span class='ocrx_word' id='word_1_134' title='bbox 67 2016 169 2083; x_wconf 88' lang='lat' dir='ltr'>tiones</span> <span class='ocrx_word' id='word_1_135' title='bbox 201 2035 367 2106; x_wconf 86' lang='lat' dir='ltr'>tamquam</span> <span class='ocrx_word' id='word_1_136' title='bbox 404 2017 711 2086; x_wconf 65' lang='lat' dir='ltr'>demonstrationum</span> <span class='ocrx_word' id='word_1_137' title='bbox 751 2019 909 2107; x_wconf 88' lang='lat' dir='ltr'>principia</span> 
     </span>
     <span class='ocr_line' id='line_1_23' title="bbox 67 2106 909 2193; baseline 0.007 -25"><span class='ocrx_word' id='word_1_138' title='bbox 67 2106 196 2172; x_wconf 88' lang='lat' dir='ltr'>adhibet</span> <span class='ocrx_word' id='word_1_139' title='bbox 213 2150 223 2184; x_wconf 90' lang='lat'><strong>,</strong></span> <span class='ocrx_word' id='word_1_140' title='bbox 240 2123 338 2192; x_wconf 88' lang='lat' dir='ltr'>atque</span> <span class='ocrx_word' id='word_1_141' title='bbox 353 2106 426 2172; x_wconf 90' lang='lat' dir='ltr'>ideo</span> <span class='ocrx_word' id='word_1_142' title='bbox 448 2106 706 2184; x_wconf 86' lang='lat' dir='ltr'>vocabulorum,</span> <span class='ocrx_word' id='word_1_143' title='bbox 733 2107 847 2193; x_wconf 87' lang='lat' dir='ltr'>quibus</span> <span class='ocrx_word' id='word_1_144' title='bbox 866 2110 909 2174; x_wconf 88' lang='lat' dir='ltr'>fi-</span> 
     </span>
     <span class='ocr_line' id='line_1_24' title="bbox 63 2195 906 2282; baseline 0.006 -25"><span class='ocrx_word' id='word_1_145' title='bbox 63 2215 161 2281; x_wconf 86' lang='lat' dir='ltr'>gurae</span> <span class='ocrx_word' id='word_1_146' title='bbox 191 2195 425 2282; x_wconf 77' lang='lat' dir='ltr'>indigitantur3</span> <span class='ocrx_word' id='word_1_147' title='bbox 449 2197 597 2263; x_wconf 86' lang='lat' dir='ltr'>notiones</span> <span class='ocrx_word' id='word_1_148' title='bbox 614 2195 778 2261; x_wconf 81' lang='lat' dir='ltr'>distinctas</span> <span class='ocrx_word' id='word_1_149' title='bbox 799 2195 906 2264; x_wconf 86' lang='lat' dir='ltr'>habet.</span> 
     </span>
    </p>

    <p class='ocr_par' dir='ltr' id='par_1_3' title="bbox 62 2281 910 2994">
     <span class='ocr_line' id='line_1_25' title="bbox 107 2281 907 2368; baseline -0.001 -16"><span class='ocrx_word' id='word_1_150' title='bbox 107 2281 200 2352; x_wconf 90' lang='lat' dir='ltr'><strong>VII.</strong></span> <span class='ocrx_word' id='word_1_151' title='bbox 249 2284 423 2368; x_wconf 88' lang='lat' dir='ltr'>Frequenti</span> <span class='ocrx_word' id='word_1_152' title='bbox 447 2305 507 2349; x_wconf 88' lang='lat' dir='ltr'>usu</span> <span class='ocrx_word' id='word_1_153' title='bbox 540 2287 582 2350; x_wconf 92' lang='lat' dir='ltr'>ita</span> <span class='ocrx_word' id='word_1_154' title='bbox 617 2282 709 2348; x_wconf 89' lang='lat' dir='ltr'>nobis</span> <span class='ocrx_word' id='word_1_155' title='bbox 745 2281 907 2352; x_wconf 87' lang='lat' dir='ltr'>familiaria</span> 
     </span>
     <span class='ocr_line' id='line_1_26' title="bbox 62 2370 910 2450; baseline 0.004 -17"><span class='ocrx_word' id='word_1_156' title='bbox 62 2371 227 2437; x_wconf 87' lang='lat' dir='ltr'>reddimus</span> <span class='ocrx_word' id='word_1_157' title='bbox 253 2370 441 2450; x_wconf 79' lang='lat' dir='ltr'>vocabula,</span> <span class='ocrx_word' id='word_1_158' title='bbox 470 2390 506 2436; x_wconf 90' lang='lat' dir='ltr'>ut</span> <span class='ocrx_word' id='word_1_159' title='bbox 529 2396 566 2439; x_wconf 90' lang='lat' dir='ltr'>ea</span> <span class='ocrx_word' id='word_1_160' title='bbox 599 2393 662 2438; x_wconf 90' lang='lat' dir='ltr'>nos·</span> <span class='ocrx_word' id='word_1_161' title='bbox 687 2371 760 2436; x_wconf 89' lang='lat' dir='ltr'>satis</span> <span class='ocrx_word' id='word_1_162' title='bbox 792 2373 910 2439; x_wconf 87' lang='lat' dir='ltr'>intelli-</span> 
     </span>
     <span class='ocr_line' id='line_1_27' title="bbox 64 2458 908 2548; baseline 0.009 -26"><span class='ocrx_word' id='word_1_163' title='bbox 64 2479 138 2545; x_wconf 86' lang='lat' dir='ltr'>gere</span> <span class='ocrx_word' id='word_1_164' title='bbox 167 2459 362 2526; x_wconf 89' lang='lat' dir='ltr'>arbitremur</span> <span class='ocrx_word' id='word_1_165' title='bbox 379 2506 389 2540; x_wconf 88' lang='lat'>,</span> <span class='ocrx_word' id='word_1_166' title='bbox 406 2460 480 2526; x_wconf 91' lang='lat' dir='ltr'>licet</span> <span class='ocrx_word' id='word_1_167' title='bbox 501 2458 542 2526; x_wconf 91' lang='lat' dir='ltr'>ad</span> <span class='ocrx_word' id='word_1_168' title='bbox 565 2461 649 2548; x_wconf 87' lang='lat' dir='ltr'>ipsas</span> <span class='ocrx_word' id='word_1_169' title='bbox 673 2459 908 2530; x_wconf 87' lang='lat' dir='ltr'>vocabulorum</span> 
     </span>
     <span class='ocr_line' id='line_1_28' title="bbox 65 2549 908 2640; baseline 0.011 -32"><span class='ocrx_word' id='word_1_170' title='bbox 65 2549 211 2614; x_wconf 87' lang='lat' dir='ltr'>notiones</span> <span class='ocrx_word' id='word_1_171' title='bbox 235 2570 304 2612; x_wconf 89' lang='lat' dir='ltr'>non</span> <span class='ocrx_word' id='word_1_172' title='bbox 329 2549 555 2628; x_wconf 82' lang='lat' dir='ltr'>attendamus,</span> <span class='ocrx_word' id='word_1_173' title='bbox 580 2567 716 2640; x_wconf 88' lang='lat' dir='ltr'>tumque</span> <span class='ocrx_word' id='word_1_174' title='bbox 746 2552 820 2615; x_wconf 91' lang='lat' dir='ltr'>loco</span> <span class='ocrx_word' id='word_1_175' title='bbox 849 2574 908 2617; x_wconf 91' lang='lat' dir='ltr'>no·</span> 
     </span>
     <span class='ocr_line' id='line_1_29' title="bbox 69 2636 910 2727; baseline 0.011 -30"><span class='ocrx_word' id='word_1_176' title='bbox 69 2636 192 2703; x_wconf 87' lang='lat' dir='ltr'>tionum</span> <span class='ocrx_word' id='word_1_177' title='bbox 222 2659 333 2704; x_wconf 88' lang='lat' dir='ltr'>earum</span> <span class='ocrx_word' id='word_1_178' title='bbox 365 2637 454 2725; x_wconf 88' lang='lat' dir='ltr'>signa</span> <span class='ocrx_word' id='word_1_179' title='bbox 485 2636 731 2720; x_wconf 86' lang='lat' dir='ltr'>substituimus,</span> <span class='ocrx_word' id='word_1_180' title='bbox 758 2638 848 2727; x_wconf 87' lang='lat' dir='ltr'>quod</span> <span class='ocrx_word' id='word_1_181' title='bbox 876 2642 910 2706; x_wconf 90' lang='lat' dir='ltr'>in</span> 
     </span>
     <span class='ocr_line' id='line_1_30' title="bbox 64 2725 904 2816; baseline 0.008 -28"><span class='ocrx_word' id='word_1_182' title='bbox 64 2739 153 2790; x_wconf 88' lang='lat' dir='ltr'>tanta</span> <span class='ocrx_word' id='word_1_183' title='bbox 176 2725 330 2814; x_wconf 89' lang='lat' dir='ltr'>loquendi</span> <span class='ocrx_word' id='word_1_184' title='bbox 345 2727 505 2793; x_wconf 87' lang='lat' dir='ltr'>celeritate</span> <span class='ocrx_word' id='word_1_185' title='bbox 523 2750 620 2816; x_wconf 89' lang='lat' dir='ltr'>saepe</span> <span class='ocrx_word' id='word_1_186' title='bbox 644 2729 709 2796; x_wconf 85' lang='lat' dir='ltr'>lieri</span> <span class='ocrx_word' id='word_1_187' title='bbox 740 2749 904 2795; x_wconf 87' lang='lat' dir='ltr'>necessum</span> 
     </span>
     <span class='ocr_line' id='line_1_31' title="bbox 66 2815 907 2901; baseline 0.006 -25"><span class='ocrx_word' id='word_1_188' title='bbox 66 2830 122 2877; x_wconf 87' lang='lat' dir='ltr'>est.</span> <span class='ocrx_word' id='word_1_189' title='bbox 138 2815 310 2882; x_wconf 89' lang='lat' dir='ltr'>Praeterea</span> <span class='ocrx_word' id='word_1_190' title='bbox 339 2835 430 2901; x_wconf 87' lang='lat' dir='ltr'>saepe</span> <span class='ocrx_word' id='word_1_191' title='bbox 456 2819 559 2882; x_wconf 89' lang='lat' dir='ltr'>inania</span> <span class='ocrx_word' id='word_1_192' title='bbox 586 2816 778 2883; x_wconf 87' lang='lat' dir='ltr'>adhibentur</span> <span class='ocrx_word' id='word_1_193' title='bbox 801 2839 907 2881; x_wconf 84' lang='lat' dir='ltr'>uoca-</span> 
     </span>
     <span class='ocr_line' id='line_1_32' title="bbox 66 2897 908 2994; baseline 0.01 -32"><span class='ocrx_word' id='word_1_194' title='bbox 66 2897 163 2982; x_wconf 84' lang='lat' dir='ltr'>bula,</span> <span class='ocrx_word' id='word_1_195' title='bbox 180 2915 263 2989; x_wconf 89' lang='lat' dir='ltr'>quae</span> <span class='ocrx_word' id='word_1_196' title='bbox 292 2901 458 2969; x_wconf 90' lang='lat' dir='ltr'>notionem</span> <span class='ocrx_word' id='word_1_197' title='bbox 472 2906 614 2993; x_wconf 86' lang='lat' dir='ltr'>aliquam</span> <span class='ocrx_word' id='word_1_198' title='bbox 642 2905 814 2994; x_wconf 84' lang='lat' dir='ltr'>significare</span> <span class='ocrx_word' id='word_1_199' title='bbox 830 2925 908 2970; x_wconf 88' lang='lat' dir='ltr'>cre·</span> 
     </span>
    </p>
   </div>
   <div class='ocr_carea' id='block_1_3' title="bbox 0 0 1137 3428">
    <p class='ocr_par' dir='ltr' id='par_1_4' title="bbox 0 0 1137 3428">
     <span class='ocr_line' id='line_1_33' title="bbox 0 0 1137 3428; baseline 0 0"><span class='ocrx_word' id='word_1_200' title='bbox 0 0 1137 3428; x_wconf 95' lang='lat' dir='ltr'> </span> 
     </span>
    </p>
   </div>
  </div>
 </body>
</html>
