2264 3420
192 124 234 195 22
444 124 641 178 nstrrsvr.
667 123 812 184 aureos.

188 190 307 270 ducit,
333 206 401 260 tum
427 193 528 260 anima
557 193 680 272 easdem
708 191 804 259 habe't
831 192 1077 282 perceptiones,

189 304 267 368 quas
285 277 417 348 habetet
445 279 573 358 obiecto
598 281 723 348 sensibli
738 282 770 345 in
792 305 944 372 organum
963 301 1079 348 exter-

190 391 265 444 num
283 389 397 456 agente
414 385 444 435 et
477 371 696 455 perceptiones
714 393 784 436 suas
800 373 831 434 vi
842 371 1079 459 imaginationis

188 457 367 545 productas
380 482 397 523 a
409 459 635 523 tentationibus
652 483 714 524 non
728 461 888 548 distinguit
905 483 915 538 ς
930 461 980 524 uti
997 461 1078 537 acci*

131 566 153 572 “
186 545 236 627 ,dit
255 545 380 610 furiosis
396 569 426 611 et
444 547 648 612 delirantibus
665 545 843 613 huminibus
860 593 869 626 ,
887 549 1076 634 inquorum

192 637 325 699 cerebro
341 635 522 722 irregulares
540 659 577 702 ac
596 634 847 703 vehementiores
863 654 972 699 motus
990 637 1075 700 exci-

190 740 299 806 ¹tantur
322 745 330 797 3
357 725 466 788 ethoc
495 741 618 813 pacto,
650 747 733 812 quae
763 724 819 788 sibi
849 725 1071 811 imaginantur,

190 809 395 877 confundunt
423 834 495 880 cum
519 813 553 878 iis
572 835 678 901 ,quae
706 812 827 880 vident.
851 813 943 876 Simili
972 813 1070 878 tnodo

192 899 367 986 explicatur
383 948 395 980 ,
412 923 468 966 cut
492 902 526 966 iis
544 901 661 988 quibus
676 902 850 966 membrum
868 901 998 988 aliquod
1012 899 1067 965 ab·

190 988 320 1053 scissum
336 1007 406 1064 est,
424 988 568 1056 dolorem
585 993 615 1055 in
633 992 744 1056 eodem
761 988 902 1056 membro
917 990 1066 1076 aliquant-

191 1077 245 1144 diu
262 1079 376 1144 sentire
393 1079 448 1143 sibi
464 1079 628 1144 videantur
645 1105 654 1143 a
674 1079 820 1144 nimirum
833 1081 863 1143 in
878 1079 984 1144 nervis
997 1078 1070 1158 illis,

190 1170 246 1252 qui
261 1167 300 1232 ad
318 1184 439 1254 partem
455 1170 600 1256 corporis
617 1185 811 1254 amputatam
833 1165 1071 1255 pertingebant,

190 1253 284 1320 iidem
301 1255 472 1340 aliquando
488 1281 504 1320 a
521 1258 618 1320 causis
636 1257 771 1321 externis
790 1275 893 1321 motus
909 1257 1072 1336 oriuntur,

192 1353 275 1430 quos
288 1343 413 1410 obiecta
424 1365 554 1410 externa
566 1344 762 1424 excitarent,
776 1344 801 1410 si
817 1343 901 1411 nulla
912 1363 990 1433 pars
1003 1341 1074 1409 fuis·

191 1450 240 1498 set
257 1453 384 1498 resecta.
692 1467 695 1476 v

185 1513 197 1522 “
281 1522 405 1588 Obiect.
423 1521 588 1588 Adversus
605 1540 635 1586 2.
650 1536 783 1608 partem.
796 1521 909 1585 Anima
921 1541 1074 1614 praesens

192 1609 239 1678 est
255 1611 383 1700 singulis
399 1611 540 1696 eorporis
558 1609 700 1696 partibus
718 1654 728 1689 ‚
755 1631 971 1698 quaecumque
992 1611 1075 1675 enim

191 1721 265 1788 pars
291 1695 432 1788 corporis
461 1699 622 1777 laedatur,
654 1698 757 1763 anima
785 1697 880 1763 sentit
908 1697 1073 1780 dolorem,

194 1809 270 1876 etgo
285 1797 348 1852 non
368 1788 425 1851 soli
441 1785 571 1852 cerebro
585 1785 733 1875 praesens
746 1785 916 1874 est,Resp.
930 1785 962 1850 N
970 1834 979 1848 .
994 1806 1087 1869 aut,

186 1875 478 1964 adprobationem
516 1876 612 1953 dico,
651 1877 783 1938 animam
814 1875 981 1962 percipere
1012 1877 1076 1940 im-

192 1967 385 2052 pressionem
416 1963 530 2044 factam
569 1965 599 2027 in
639 1962 780 2048 qualibet
805 1962 946 2052 corporis
967 1983 1077 2050 parte,

187 2055 269 2140 ¹quia
283 2052 444 2139 impressio
461 2053 514 2116 illa
540 2051 581 2116 ad
605 2051 766 2140 cerebrum
796 2049 995 2140 propagatur
1011 2074 1078 2140 ope

193 2163 384 2221 nervorum,
400 2143 485 2228 quia
513 2139 652 2228 qualibet
678 2139 821 2225 corporis
853 2160 942 2227 parte
956 2139 1000 2204 ad
1018 2164 1078 2206 ce-

194 2229 321 2297 rebrum
348 2252 449 2318 usque
479 2231 673 2319 pertingunt.
700 2227 861 2292 Nimirum
889 2227 1079 2316 aqualibet

218 2341 284 2387 arte
310 2320 455 2409 corporis
480 2319 559 2383 tensi
590 2336 662 2384 sunt
686 2317 772 2382 nervi
796 2339 897 2404 usque
921 2316 960 2380 ad
977 2337 1078 2382 cete-

194 2341 308 2476 brum:
337 2410 421 2477 uude
436 2430 532 2494 quum
550 2409 636 2471 nervi
654 2405 853 2483 extremitas,
879 2427 959 2492 quae
974 2422 1027 2468 est
1043 2406 1077 2470 iu

194 2499 279 2586 pede
296 2519 325 2561 v.
344 2522 374 2588 g.
400 2501 450 2564 vel
467 2518 557 2560 manu
576 2495 723 2572 vellitur,
741 2495 857 2580 pariter
873 2494 999 2559 vellitur
1018 2515 1077 2560 seu

195 2604 340 2652 movetur
368 2586 466 2652 altera
482 2585 660 2651 extremitas
675 2631 687 2662 ,
701 2605 783 2670 quae
809 2599 855 2646 est
880 2583 909 2646 in
925 2579 1076 2663 cerebro,

194 2691 226 2740 et
242 2676 272 2737 vi
296 2675 385 2738 istius
412 2690 516 2738 motus
529 2675 560 2736 in
576 2671 850 2748 cerebro-excitati
881 2670 1078 2737 admonetur

194 2762 521 2850 anima‘doloremque
538 2763 653 2838 sentit,
670 2761 694 2823 si
711 2759 860 2844 impresio
879 2756 959 2822 facta
973 2756 1077 2825 rehe-

193 2851 282 2916 mens
299 2847 402 2915 luerit.
432 2847 518 2913 Illud
536 2870 612 2912 vero
630 2847 737 2912 multis
752 2845 972 2932 experimentis
987 2867 1078 2909 con-

191 2937 346 3002 firmatur.
373 2955 398 2998 1.
425 2936 455 2999 Si
479 2935 650 3000 arctissime
674 2936 842 3022 stringatur
866 2947 941 3022 pars·
965 2931 1080 3019 aliqua

191 3025 336 3112 eorporis
362 3019 528 3091 cerebrum
558 3023 639 3086 inter
671 3040 702 3088 et
728 3037 849 3108 partem
875 3019 966 3084 aliam
994 3041 1080 3086 cor-
