2258 3428
220 149 296 228 116,
459 165 645 230 rustrsvs.
669 167 809 213 unitos.

139 287 141 291 -
216 233 268 328 uix
284 257 456 326 temperate
480 257 646 324 possumus
666 282 676 314 ,
697 235 773 319 quin
797 243 896 314 tacito
909 235 1053 321 quodam

218 351 360 394 sermone
387 326 479 390 animi
510 347 599 392 sensa
627 326 850 410 exprimamus
877 325 982 396 Vnde
1006 326 1050 401 lit,

217 437 252 482 ut
275 415 417 482 meditari
452 413 530 478 nihil
554 414 640 479 aliud
665 415 727 492 sit,
758 416 817 479 nisi
840 463 849 496 ‚
872 434 907 480 ut
934 415 975 477 ita
1003 413 1052 474 di-

216 525 284 578 cam
303 549 312 588 ,
337 504 469 568 interius
490 523 598 568 secum
613 501 768 588 colloqui.
784 502 900 592 Itaque
920 503 963 566 ad
981 523 1051 564 rec-

218 611 249 680 te
277 591 482 681 cogitandum
509 593 715 660 necessatium
736 599 815 673 est,
841 593 968 664 interius
988 589 1051 652 sal·

219 702 282 763 tem
322 701 354 746 et
393 703 465 744 cum
492 701 525 744 se
567 681 636 764 ipso
673 693 819 748 accurate
853 680 941 766 loqui
973 700 1050 756 ,ac

217 770 351 858 proinde
378 770 606 858 cogitationum
628 771 834 854 perspicuitas
850 793 889 838 ex
902 772 970 856 ipsa
986 789 1052 832 ser·

220 860 321 930 monis
358 858 582 946 perspicuitate
620 857 790 944 plurimum
825 859 977 946 pendet,
1020 872 1052 920 et
1115 903 1116 930 ,

219 969 309 1020 versa
337 949 416 1014 vice.
443 947 528 1030 Hinc
552 945 741 1032 persuadere
770 946 846 1010 mihi
872 947 1051 1011 nullatenus
1115 945 1116 996 l

218 1059 378 1124 possum,
414 1035 591 1114 obscuriori
616 1055 767 1110 sermone
783 1059 914 1122 peccare
947 1033 1051 1096 homi-

218 1148 274 1212 nes
297 1128 351 1214 qui
377 1127 408 1188 in
430 1124 532 1207 aliqua
548 1121 678 1188 materia
702 1122 804 1208 probe
827 1123 941 1190 versati
959 1139 1052 1198 sunt,·

219 1212 394 1285 dummodo
419 1229 625 1280 tamencum
652 1211 893 1299 intelligentibus
920 1210 992 1272 viris
1021 1227 1054 1274 et

220 1303 253 1376 in
278 1301 390 1366 eodem
416 1321 544 1387 quoque
574 1317 759 1388 argumento
787 1302 1056 1366 versatissermo·

218 1413 291 1456 nem
317 1387 465 1454 habeant.
495 1389 575 1453 Fieri
601 1387 730 1475 quidem
757 1407 864 1476 potest
886 1436 896 1468 ,
926 1405 962 1452 ut
990 1387 1054 1450 viri

220 1472 307 1543 docti
336 1501 399 1542 non
434 1477 604 1563 loquantur
634 1477 791 1564 eleganter
819 1523 830 1555 ‚
867 1475 923 1544 sed
950 1476 1052 1540 nitide

196 1593 201 1597 ’
217 1555 250 1634 et
266 1569 429 1656 perspicue
445 1587 517 1630 suas
533 1564 620 1630 ideas
638 1566 870 1652 explicabuntr
888 1566 944 1632 nisi
969 1563 1048 1628 obs-

218 1659 334 1730 euritas
367 1655 456 1742 quod
494 1653 888 1742 aliquandoicontingit,
921 1654 1057 1740 quaesi-

191 1761 251 1826 ta
283 1743 374 1808 fuerit
417 1760 514 1828 atque
541 1740 696 1808 affectata.
736 1742 846 1820 Quare
875 1741 1061 1808 obscuritas
1115 1791 1116 1794 ,

218 1833 417 1920 ignorantiae
435 1831 583 1898 iudicium
605 1850 672 1893 esse
694 1831 775 1896 solet
793 1877 803 1912 ,
819 1848 875 1896 aut
898 1833 929 1894 in
940 1829 1058 1894 homi-

220 1943 260 1986 ne
284 1921 462 2005 loquente,
481 1936 535 1981 aut
549 1919 581 1982 in
604 1920 763 1983 audiente.

260 2005 335 2073 IV.
381 2007 482 2070 Notio
505 2005 655 2070 distincta
677 2007 953 2086 notas-continet,
973 2029 1058 2093 quas

219 2087 252 2159 in
286 2117 319 2160 re
345 2095 449 2182 aliqua
476 2095 659 2160 observatas
696 2094 797 2181 probe
823 2097 1060 2184 distinguimus,

219 2183 436 2262 Quamobrem
452 2183 486 2268 si
516 2202 611 2248 notae
638 2183 774 2272 singulae
792 2186 930 2270 propriis
958 2207 1062 2252 voca·

220 2270 302 2339 bulis
339 2275 576 2349 enuntientur,
614 2285 683 2336 tunt
710 2275 877 2352 clarissime
907 2292 1057 2355 constat,

221 2380 301 2448 quot
325 2380 355 2426 et
378 2381 529 2447 quasnam
552 2375 646 2423 notas
680 2360 752 2426 data
776 2363 869 2425 notio
894 2362 1062 2444 involvat,

218 2441 250 2533 fet
277 2469 383 2514 utrum
413 2451 523 2534 plures
544 2449 604 2534 sint
627 2493 638 2527 ,
664 2471 704 2514 an
733 2452 894 2536 pauciores
918 2495 928 2528 ,
954 2473 1061 2537 quam

149 2559 152 2562 ·
219 2558 300 2622 quae
329 2535 516 2615 sufficiunt,
544 2537 685 2624 dignosci
711 2557 826 2625 potest.
843 2537 910 2602 larn
935 2539 958 2602 si
985 2544 1059 2626 quis

218 2625 339 2713 singula
368 2644 518 2690 notatum
549 2627 706 2690 vocabula
733 2629 855 2693 noverit
876 2674 887 2706 ‚
909 2649 945 2690 ea
964 2630 1064 2696 alteri

220 2735 403 2780 enumerare
420 2715 505 2780 salet
523 2761 532 2792 ‚
547 2735 583 2778 ac
605 2715 736 2800 proinde
765 2734 796 2780 et
821 2717 985 2781 notionem
1011 2720 1064 2800 in-

218 2819 367 2890 tegram,
394 2825 536 2890 quaeest
553 2803 701 2868 omnibus
730 2806 813 2870 notis
839 2807 1066 2892 componitur,

217 2891 636 2991 distinctecomrnumcate·
732 2900 752 2979 .'
1115 2923 1116 2926 ¹
