2246 3412
153 59 219 130 268
392 79 743 136 autumaverimus.
843 100 850 111 =

152 145 217 217 Hic
230 173 318 220 error
330 154 689 245 anthropomorphismo
704 172 753 222 est
765 153 1060 246 omninoopposiq

149 254 218 306 tur.
249 241 380 330 Duplici
396 246 436 312 de
452 266 547 314 causa
568 247 684 314 realem
708 265 886 330 corporum
907 245 1061 312 existen-

153 328 228 394 tiam
243 351 359 420 negant
374 333 555 412 idealistae,
571 353 640 400 tum
653 335 726 421 quia
741 355 882 420 corpora
898 333 1058 422 impossi-

153 411 228 482 bilia
243 441 310 486 esse
326 423 522 500 existimant,
535 440 605 490 tum
621 425 694 510 quia
711 425 830 488 animae
841 444 913 488 cum
926 444 1055 512 corpor

153 523 188 572 te
198 513 423 576 commercium
436 531 610 601 repugnate
623 511 775 578 iudicant.
787 511 919 586 Verum
928 532 1046 597 corpo-

153 613 188 658 ra
201 597 348 676 existere,
376 599 662 666 demonstravimus
679 617 854 664 tractantes
874 600 915 664 de
931 598 1050 672 animae

154 681 385 769 spiritualitate.
414 687 539 756 Deinde
561 687 740 754 commercii
758 688 881 752 animae
894 708 973 754 cum
983 709 1056 752 eor·

154 771 1059 866 potepossibilitaspatetexltypothesibus.philosopho-

154 879 243 938 rum,
271 865 397 950 quasin
411 863 620 952 psychoiogia
636 865 855 952 exposuimus.
887 864 1059 932 Praeterea

152 967 220 1016 non
240 951 341 1018 solum
356 973 396 1018 ex
413 956 574 1020 comitanti
594 971 739 1020 sensnum
757 953 943 1025 testimonio
961 971 996 1020 et
1019 975 1058 1020 ex

154 1036 287 1111 notione.
296 1038 521 1109 attributorum
533 1039 610 1121 Dei,
622 1041 677 1129 qui
692 1039 840 1129 decipere
852 1062 919 1105 non
930 1060 1059 1129 potest,

155 1122 392 1196 demonstratur
406 1149 580 1282 corporum
597 1130 766 1196 existentia
780 1152 791 1208 i
809 1131 865 1202 sed
880 1151 922 1196 ex
936 1131 1059 1196 veridi-

153 1233 191 1278 ca
208 1232 240 1281 et
251 1217 382 1284 omnino
393 1217 469 1286 indu
494 1219 523 1284 ia
538 1217 638 1284 Moris
650 1217 798 1296 historia,
811 1216 971 1282 mnndum
983 1241 1058 1284 ma·

153 1301 297 1374 terialem
321 1327 353 1373 re
370 1327 479 1372 seraa
502 1307 576 1374 Deo
590 1323 731 1373 creatum
751 1326 817 1374 esse
837 1307 1056 1378 ostendimus·

153 1383 374 1460 ldealistarum
392 1415 481 1462 error
499 1396 542 1462 ita
564 1396 747 1481 manifestus
771 1411 838 1472 est,
860 1413 899 1460 ut
916 1396 1056 1462 univer·

62 1561 64 1574 Ι
153 1498 192 1548 so
225 1484 309 1550 eneti
321 1482 463 1550 humano
474 1484 610 1552 insanire
621 1482 976 1550 idealistaerideanrnt.

151 1623 156 1638 .
198 1502 251 1639 is
295 1569 518 1664 Paganismas
544 1575 609 1641 aire
629 1570 840 1662 gentilismus
865 1593 959 1638 error
991 1590 1056 1652 est,

154 1677 223 1746 quo
246 1659 394 1747 fingitur,
423 1659 579 1728 mundum
602 1659 787 1748 aplnribus
811 1659 870 1724 diis
897 1661 1053 1749 pendere,

156 1747 223 1814 sire
238 1748 348 1833 quoad
379 1749 578 1816 existentiam
603 1765 636 1817 et
651 1751 958 1828 conservationem,
986 1753 1053 1818 sire

154 1835 265 1987 {troad
300 1836 572 1926 gubernationem.
608 1836 710 1902 Porto
749 1836 1056 1917 demonstravimus,

154 1998 157 2007 ¹
194 1947 266 1990 cum
280 1945 348 1994 esse
359 1948 415 1994 ens
433 1946 517 2007 ase,
539 1925 648 1992 mundi
662 1941 835 1992 creatorem
845 1969 857 2004 ,
875 1945 1057 1992 conserva-

155 2026 261 2096 torem
275 2036 312 2078 ao
324 2013 585 2105 gubernatorem,
599 2037 637 2080 ae
648 2014 781 2102 proinde
794 2013 948 2090 mundum
962 2013 1003 2080 ab
1018 2037 1055 2080 σε

155 2101 230 2166 nico
246 2121 319 2170 ente
335 2107 482 2191 pendete.
497 2102 697 2170 idololatria
712 2105 813 2167 latiori
829 2123 920 2168 sensu
930 2103 1053 2171 dicitur

158 2189 264 2262 cultus
275 2192 374 2258 omnis
382 2192 507 2260 divinus
517 2191 581 2262 enti
591 2191 699 2280 ,quod
712 2192 869 2256 Deusnon
880 2210 948 2270 est,
962 2192 1053 2261 exiri-

158 2275 255 2346 bitus.
273 2282 376 2366 Vnde
391 2279 585 2348 idololatria
596 2298 666 2360 cst,
683 2281 736 2366 qui
751 2278 834 2360 falsis
847 2280 904 2346 diis
915 2297 948 2346 et
959 2279 1051 2344 idolis

159 2362 227 2438 aire
242 2369 411 2436 simulacris
426 2393 498 2436 eum
515 2387 655 2459 praestat
668 2369 811 2446 cultum,
829 2369 885 2452 qui
902 2369 962 2434 soli
976 2367 1054 2436 Deo

158 2461 320 2525 convenit.
337 2458 445 2538 Quare
460 2461 591 2548 gentiles
608 2475 681 2524 sunt
695 2458 790 2524 etiam
808 2456 1007 2522 idololatrae.

205 2543 275 2616 VI.
318 2547 599 2614 Manichaeismur
625 2567 711 2614 error
740 2561 811 2622 est,
832 2545 1055 2634 qnofingitur,

162 2635 315 2707 mundum
332 2635 473 2723 pendete
489 2657 507 2700 a
522 2633 646 2700 duobus
664 2633 842 2721 principiis,
858 2634 958 2698 altero
973 2637 1054 2720 qui,-

162 2717 232 2782 dem
249 2719 352 2796 bono,
371 2745 389 2788 a
404 2743 469 2808 quo
486 2741 559 2808 sunt
573 2722 658 2788 bona
672 2724 703 2784 in
718 2721 780 2784 hoc
795 2721 935 2800 mundo,
949 2721 1052 2788 altero

150 2821 266 2876 'autem
282 2807 384 2887 malo,
414 2831 511 2892 aquo
529 2808 1051 2898 suntmalaphysicaetmotalia.
1101 2825 1102 2830 ’

160 2887 1051 2984 Hicerrorestantiquissimus‚praesertimapudpetsas.

158 2992 192 3052 at
217 2979 315 3066 vulgo
339 2978 488 3058 tribuitur
518 2983 698 3060 Zoroastri.
728 2981 777 3064 ln¹
794 2983 1053 3064 christianismum
