2326 3438
233 173 300 252 oto
397 173 423 184 ''
466 175 831 237 'tutemusttartos
1072 255 1074 258 Ι

230 259 321 326 nulla
351 271 399 326 est
426 257 664 324 contradictio:
696 259 872 344 quinimmo
900 255 925 322 si
951 252 1102 328 &tersa

231 347 265 412 in
287 349 401 415 eodem
421 347 588 414 intellectu
611 347 716 411 adsint
741 350 882 422 motiva,
911 346 963 412 illa
985 373 1103 438 quo-

231 457 295 522 que
317 437 440 503 diversa
463 437 587 518 iudicia
603 437 667 502 steri
685 457 848 502 necessum
861 453 919 501 est.
938 436 980 499 Et
996 439 1102 522 qui-

230 526 305 590 dem
331 529 354 588 si
381 523 705 610 praemissaeluerint
729 543 852 602 certae,
881 526 1103 592 conclusio-

190 677 194 694 ,
228 636 304 680 trem
338 633 456 680 certam
490 638 557 683 esse
584 633 735 702 oportet;
767 629 1009 693 contrairem,
1055 619 1105 683 si

229 707 420 792 praemissae
446 703 566 770 fuerint
593 703 801 792 probabiles,
836 702 902 789 ipsa
937 721 1096 791 quoque

230 793 396 876 conclusio
422 795 546 858 nonnisi
575 793 834 879 probabilitatem
858 814 969 878 patere
992 815 1095 882 pot-

228 899 291 948 est.
330 886 375 946 At
408 885 614 952 certissimum
650 903 714 958 est,
742 882 867 946 diversa
894 885 1013 948 motiva
1049 885 1093 950 itt

229 970 345 1040 eodem
385 971 548 1038 intellectu
580 972 671 1036 simul
700 974 968 1060 enisttroposset
1000 994 1092 1062 ergo

231 1062 326 1128 etiam
345 1108 348 1122 s
365 1063 504 1129 existere
532 1077 693 1150 possunt,
725 1077 820 1148 atque
847 1060 878 1128 in
909 1059 972 1125 hoc
999 1083 1089 1128 casu

233 1156 368 1219 existere
402 1152 534 1215 omnino
562 1149 683 1215 debent
711 1149 835 1214 diveisa
863 1151 916 1214 illa
945 1148 1088 1234 iudicia,

232 1239 295 1305 hoc
318 1262 386 1319 est,
412 1243 565 1316 scientia,
589 1240 667 1304 tides
692 1257 724 1304 et
747 1238 861 1326 opinio
884 1257 1023 1327 possunt
1049 1261 1088 1310 et

229 1327 351 1394 tle'b'em
374 1349 444 1395 esse
469 1331 580 1392 simul:
599 1329 637 1392 E.
662 1350 691 1414 g.
715 1338 858 1394 animam
878 1339 958 1394 esar·
972 1334 1088 1418 spire·-

230 1417 359 1483 tualem
370 1466 380 1496 ‚
408 1436 440 1483 et
463 1418 735 1485 demonstratione
756 1417 856 1483 evinci
886 1437 995 1504 potest
1008 1429 1029 1498 ,ἓ
1046 1438 1087 1486 et

230 1505 294 1572 tide
330 1509 441 1574 teneri.
481 1509 557 1587 Qui
576 1515 624 1594 ‘est
662 1510 839 1592 praemissis
877 1505 1084 1574 evidentibus

126 1619 133 1625 ’
235 1599 284 1663 vel
307 1598 369 1666 lide
389 1599 482 1664 certis
506 1597 643 1679 animam
660 1597 867 1683 'spiritualem
896 1618 966 1662 esse
993 1619 1084 1663 con-

169 1763 172 1780 Κ
231 1685 366 1768 cludet,
395 1685 445 1750 hic
462 1693 532 1772 'p'et
556 1686 611 1750 illa
636 1686 756 1751 motiva
783 1687 843 1752 dez
855 1676 1082 1773 spiritualitate
1147 1725 1148 1744 t

236 1776 357 1840 animae
379 1774 632 1860 persuasissimus
653 1774 724 1840 erit.
736 1789 739 1796 ’
751 1777 796 1838 At
813 1775 844 1838 ¹si
866 1793 993 1860 praeter
1007 1780 1080 1844 me?-

231 1863 286 1928 tlia
309 1863 360 1927 illa
378 1863 510 1926 omnino
525 1863 705 1928 indubitata
721 1863 796 1928 alias
812 1863 963 1932 adhibeat
979 1875 1078 1954 prae-
1147 1925 1148 1942 r

235 1953 344 2015 missas
369 1952 537 2016 dumtaxat
564 1952 768 2040 probabiles,
794 1953 818 2016 is
849 1953 988 2022 iudicate
1014 1976 1079 2022 ne·
1147 1943 1148 2034 i

234 2040 376 2106 cessatio
394 2037 513 2118 debet,
539 2040 571 2104 in
592 2041 710 2105 talibus
736 2041 913 2130 praemissis
939 2045 1078 2107 conclu*
1147 2049 1148 2064 ¹

233 2130 357 2196 'sionem
375 2128 583 2216 probabiliter
597 2130 764 2195 dumtaxat
780 2132 946 2196 contineri,
965 2129 1003 2198 ld
1017 2153 1078 2201 ve·
1147 2161 1148 2174 ¹

132 2253 136 2256 ·
232 2237 274 2283 'ro
290 2239 355 2286 oon
369 2218 466 2286 debet
484 2221 514 2284 in
531 2241 569 2286 eo
584 2239 681 2285 seusu
695 2219 848 2309 intelligi,
873 2221 963 2308 quod
985 2243 1078 2287 nem·
1147 2279 1148 2282 ,

237 2327 279 2398 pe
306 2308 347 2376 de
370 2309 412 2375 rei
440 2309 571 2374 abcuius
595 2311 727 2374 veritate
752 2321 814 2396 per·
832 2312 972 2376 medium
998 2331 1077 2398 pro·

192 2393 194 2399 ⁴
238 2397 347 2467 babila
367 2399 510 2466 dubitate
536 2399 658 2486 possit,
686 2397 744 2486 qui
771 2399 861 2463 simul
891 2400 1076 2484 praesentis·

234 2490 349 2554 'simam
388 2487 530 2552 eiusdem
566 2484 607 2578 rei
640 2487 940 2554 demonstrationem
971 2487 1073 2555 habet.

235 2575 305 2648 ‘Res
332 2574 413 2642 euim
443 2576 507 2641 lieri
535 2581 737 2666 nequaquam
766 2593 902 2662 potest,
931 2577 958 2642 si
987 2577 1074 2644 menti

233 2666 355 2738 <eodem
381 2682 528 2755 tempore
550 2663 801 2754 praesentissima
824 2668 884 2730 sint
904 2665 1007 2732 media
1031 2666 1073 2730 il-

235 2755 283 2820 ia.
302 2754 365 2824 Hic
384 2773 432 2820 est
455 2754 667 2820 conclusionis
690 2775 797 2820 seusus
808 2802 820 2835 ,
838 2771 978 2822 mentem
1002 2775 1072 2820 nos·
1147 2831 1148 2834 Ἴ

235 2860 324 2918 'tram
348 2843 627 2930 eodemtempore
649 2841 816 2923 iudicarea
843 2845 1071 2916 conclusionem

238 2931 336 3004 ²cetto
359 2933 517 3002 contineri
542 2934 580 2998 itt
601 2933 776 3024 praemissis
800 2934 922 3016 cerrita
959 2933 1072 3026 proba·
