2298 3418
230 207 317 256 nans
339 207 398 256 111.
422 207 595 256 coornat.
617 209 694 257 otr.
719 209 745 256 r.
860 194 922 284 ἐφ’]

73 276 160 366 quia
186 278 226 342 in'
244 281 344 366 prima
365 281 463 369 ligura
491 278 668 346 subiectum
690 276 819 346 minoris
841 280 926 350 idem

78 385 135 431 est
151 386 220 431 cuna
237 369 383 435 subiecto
399 368 634 449 conclusionis,
650 388 681 436 et
698 369 793 456 quia,
810 369 841 432 vi
854 369 926 436 dic·

74 457 114 520 ta·
132 452 172 520 de
192 460 279 523 omni
302 473 336 523 et
364 454 456 522 nullo
486 456 517 521 in
548 458 752 524 conclusione
776 455 925 526 subiecto

79 541 256 625 tribuitur,
284 545 376 632 quod
391 544 431 612 de
445 545 531 610 ornni
549 547 750 634 praedicatur
766 569 776 626 ς
808 547 832 611 si
848 545 925 612 sub·

76 633 197 698 iectum
222 634 255 698 iu
284 634 489 700 conclusione
516 637 748 722 particulariter
778 637 922 720 ponitur,

77 721 110 782 in
126 721 250 788 minore
264 725 359 788 etiarn
373 723 609 810 particulariter
625 724 705 790 surni
720 722 819 790 debet
835 770 845 804 ,
870 726 924 791 id-

77 831 188 898 eoque
210 832 312 897 quum
343 813 444 877 minor
462 813 500 877 sit
527 832 651 902 temper
671 810 856 894 affirmans,
886 836 921 881 e·

75 900 118 964 rit
134 899 371 985 particulariter
395 898 569 966 affirmans.

147 989 177 1051 Si
206 987 239 1052 in
266 990 366 1074 prima
394 991 494 1078 figura
521 987 684 1054 conclusio
711 987 751 1052 sit
774 987 923 1074 particu-

76 1074 188 1142 lariter
209 1097 352 1165 negans,
379 1080 479 1142 maior
503 1099 570 1145 esse
593 1077 688 1144 debet
706 1076 923 1145 universaliter

4 1169 6 1240 l
76 1185 223 1251 negans,
248 1183 476 1233 minorantem
499 1166 731 1255 particulariter
750 1161 921 1246 affirmans.
1017 1209 1019 1218 ,

77 1250 211 1332 Etenim
233 1274 330 1338 quum
354 1255 455 1320 minor
474 1255 514 1320 sit
538 1252 861 1342 semperaffitmans,
889 1273 922 1322 et

76 1341 180 1404 maior
195 1343 415 1423 'universalis3
444 1349 571 1410 necesse
596 1360 645 1409 est
669 1341 713 1407 ob
735 1345 921 1409 conclusio-

77 1451 152 1494 nem
172 1434 374 1519 negativam,
404 1451 439 1498 ut
456 1434 556 1496 maior
586 1433 625 1497 sit
651 1431 798 1516 negativa
820 1447 855 1496 et
883 1453 923 1495 u·

76 1521 251 1584 nivetsalis.
280 1520 405 1586 Eodem
430 1521 527 1586 modo
558 1541 594 1584 ac
624 1522 655 1582 in
680 1539 755 1582 casu
785 1539 921 1605 praece-

76 1605 168 1672 denti
192 1625 308 1696 paret,
340 1611 490 1676 minorem
513 1607 630 1674 debere
653 1626 719 1672 esse
743 1604 921 1691 particula·

76 1716 172 1771 rem,
202 1699 277 1784 quia
305 1698 469 1763 conclusio
495 1714 544 1765 est
568 1694 778 1784 particularis.
798 1737 801 1745 -

146 1783 198 1847 Ex
216 1785 262 1850 his
278 1785 408 1853 evidens
425 1803 496 1865 est,
521 1800 672 1874 quattuor
687 1783 855 1848 dumtaxat
870 1801 929 1848 es·-

77 1893 114 1938 se
128 1873 249 1959 primae
263 1875 381 1962 figurae
394 1875 507 1940 modos
521 1875 581 1938 iarn
593 1889 805 1938 enumeratos.
819 1871 852 1936 N
857 1895 919 1951 am,

75 1984 119 2026 ex
135 1961 362 2028 demonstratis
373 2010 386 2041 ,
408 1962 576 2028 cuiuslibet
593 1961 769 2052 syllogismi
786 1960 922 2026 conclu·
970 1981 980 2052 j

76 2052 125 2114 aio
154 2053 205 2116 vel
234 2071 280 2117 est
310 2053 492 2116 universalis
519 2050 677 2117 affirmans
708 2049 760 2114 vel
790 2067 921 2135 negans,

75 2137 129 2204 uel
154 2140 352 2226 particularis
378 2137 536 2206 affirmans
563 2139 615 2206 vel
643 2157 787 2224 negans,
813 2137 920 2224 singu·

76 2227 266 2296 laribus-ad
294 2229 485 2296 universales
513 2224 801 2314 vel-particulares
828 2245 921 2290 revo-
1005 2225 1007 2230 ’

75 2315 170 2382 catis.
190 2317 312 2382 Modus
327 2318 587 2407 syllogismorum
603 2311 820 2382 universaliter
836 2310 922 2378 allit-

69 2405 232 2471 anan'rium
263 2405 381 2472 dicitur
407 2407 586 2482 barbara3
615 2401 835 2470 uniuersaliter
862 2422 930 2464 nem

73 2497 221 2584 -gantium
249 2495 396 2561 celarent
419 2515 434 2573 ;
473 2493 584 2559 modus
614 2490 844 2580 particulariter
869 2485 923 2554 af-

71 2585 273 2648 -firmantium
306 2583 399 2651 durii
417 2605 433 2664 ,·
470 2582 718 2672 particulariter
739 2578 922 2670 negantium

69 2672 181 2754 serio.

146 2761 232 2826 Hinc
248 2760 418 2826 modorum
437 2759 559 2850 prima'e
579 2759 696 2846 figurae
712 2757 838 2836 nomina
859 2754 921 2820 hoc

76 2849 237 2916 versiculo
247 2847 515 2936 comprehendere
524 2849 628 2914 solent
638 2845 831 2922 scholastici3
845 2847 923 2907 bar·

66 2939 163 3006 uara
189 2936 337 3006 celarent
364 2939 483 3027 primae
507 2937 609 3003 darii
618 2933 787 3022 ferioque.
816 2931 923 2996 Huius

176 3057 180 3067 t
226 3032 230 3040 '
454 3047 456 3054 ν
877 3040 881 3062 r
