2264 3420
283 153 373 200 anns
389 151 421 199 11
442 153 603 202 ueram.
619 152 705 203 on.
727 151 772 200 n.
925 153 968 233 ἠ

74 217 297 307 explicemus,
314 223 528 289 admirandam
539 224 689 312 corporis
706 219 836 292 bomani
851 223 972 290 machi-

82 322 163 374 nam
176 309 405 387 rudimioerra,
416 331 570 399 quantum
583 313 623 378 ad
631 309 813 376 institutum
825 329 970 380 nostrum

85 397 165 462 satis
180 416 249 477 cst,
274 399 501 465 describemus.
519 401 655 466 Constat
675 397 754 464 haec
769 398 912 464 toachina
929 417 971 467 ex

87 485 229 570 parribus
245 487 362 554 solidis
383 486 554 576 etflaidis.
568 487 655 556 Inter
671 506 774 576 partes
790 489 907 554 solidas
924 489 971 555 nt

87 575 355 643 considerabimus
362 574 471 658 fibras
479 623 490 656 ,
506 598 589 663 quae
607 593 681 644 sunt
696 592 802 664 partes
818 577 971 644 similare·

87 683 143 728 seu
161 687 201 729 ex
217 665 282 730 aliis
298 663 437 752 partibus
452 665 494 730 ad
510 687 633 734 sensum
659 663 807 731 similibus
825 685 971 754 compo·

86 751 186 830 citae,
207 769 337 832 tenues,
353 752 450 818 instar
465 754 507 818 fili
524 752 652 820 diverso
667 770 770 819 tractu
789 771 971 839 protensae,

74 861 130 906 -ex
142 839 395 928 quibusdiverso
407 841 502 908 ruodo
518 844 675 908 contextis
691 859 721 907 et
735 842 914 906 coniunctis
927 861 971 910 te·

86 926 200 1016 liquae
212 947 318 1017 partes
327 930 444 996 solidae
454 948 703 1017 componuntur.
715 930 772 993 11.⁰
782 929 886 996 Nervi
896 946 970 996 sunt

81 1027 201 1102 -partes
217 1016 362 1086 similares
375 1063 385 1097 ,
399 1017 592 1098 albicantes,
608 1021 768 1094 duriores,
783 1018 928 1082 elasricae
939 1035 971 1084 et

81 1103 268 1170 admodum
283 1107 450 1172 sensibiles.
460 1107 614 1174 Oriuntur
626 1130 664 1174 ex
676 1105 821 1183 cerebro,
831 1123 971 1192 suntque

91 1191 146 1256 uel
163 1198 306 1272 mororir',
322 1193 434 1282 quibus
451 1199 586 1284 partiunt
607 1195 751 1282 corporis
768 1211 873 1258 morus
887 1213 971 1280 pro·

79 1280 237 1360 -ducitur,
250 1285 298 1349 vel
313 1287 461 1362 tentorii,
475 1283 587 1368 quibus
601 1285 734 1350 sensatio
748 1283 847 1346 omnis
863 1281 972 1348 absol·
1011 1319 1018 1338 ·

91 1369 200 1447 titur3
218 1373 342 1437 resectis
360 1373 441 1438 enim
457 1373 558 1438 uersis
579 1389 635 1436 aut
649 1369 867 1437 vehementius
881 1371 971 1436 cont·

79 1461 207 1544 pressis
216 1505 228 1536 ,
249 1459 386 1526 membra
398 1458 525 1526 inferius
587 1461 645 1524 sita
661 1480 692 1525 et
714 1473 833 1522 motum
847 1476 878 1524 et
893 1479 969 1525 sen·

90 1565 164 1612 sunt
178 1547 338 1612 amittunt.
352 1549 433 1612 „up
446 1545 538 1613 Mem
560 1571 665 1613 ranae
682 1562 754 1610 sunt
767 1561 877 1612 tenues
893 1567 973 1632 par·

81 1649 155 1712 taes,
168 1657 250 1723 quae
264 1637 294 1702 in
307 1637 436 1724 longum
449 1655 479 1701 et
493 1637 592 1702 larum
605 1655 764 1723 expansae
778 1633 852 1698 alias
866 1650 973 1722 partes

53 1737 59 1748 ·
81 1722 723 1812 ,obtegunnetobcopiosissimosnervos
739 1724 772 1788 iis
784 1724 972 1791 intertexros

94 1827 170 1876 sont
180 1813 295 1878 eximie
310 1810 481 1880 sensibiles.
496 1813 564 1877 rv·.⁰
576 1811 719 1878 Tunicae
731 1827 805 1878 sunt
818 1810 973 1877 membra·

86 1917 155 1964 tatae
170 1899 327 1979 intortae,
344 1923 427 1988 quae
443 1920 590 1966 vasorum
604 1921 635 1968 et
650 1899 804 1967 canalium
819 1899 972 1966 cavitates

93 1988 275 2054 continents
288 1991 342 2053 s?
358 1989 557 2078 ligamenta
569 2005 643 2055 tunt
657 2005 766 2076 partes
775 1987 974 2054 membrana-

92 2095 190 2152 ceae,
205 2076 369 2144 solidiores
385 2086 416 2144 'et
431 2077 603 2156 firmiores,
621 2077 719 2144 ualde
727 2077 893 2157 classicae,
912 2097 973 2142 va-

92 2164 158 2231 riae
176 2165 291 2253 figurae
310 2183 342 2231 et
366 2165 536 2243 crassitiei,
552 2165 668 2288 cluibus
682 2162 882 2252 potissimum
898 2185 973 2230 ossa

93 2253 229 2318 invicem
240 2273 486 2331 connectuntur.
504 2273 557 2319 vr.
592 2253 886 2336 Orratst'ant'partes
901 2271 974 2315 cor-

94 2343 185 2429 poris
199 2342 400 2421 durissimae,
417 2338 555 2431 rigidae,
570 2339 678 2419 albae,
693 2359 785 2406 sensu
801 2336 974 2404 destitutae

96 2445 131 2494 et
143 2431 329 2519 plerumque
344 2451 439 2497 cavae
452 2475 462 2509 ,
477 2428 746 2516 quibusrellquae
766 2443 869 2512 partes
887 2425 975 2490 mol-

98 2517 380 2586 lioresinnrruntur
391 2538 445 2584 aut
458 2515 736 2585 defenduntur.1n
751 2512 918 2580 maioribus
928 2533 976 2578 os·
1056 2513 1058 2518 ’

98 2605 182 2672 sibus
195 2608 350 2692 reperitur
361 2610 444 2685 intus
457 2607 591 2682 cavitas,
607 2629 670 2692 qua
687 2601 836 2670 medulla
852 2603 976 2690 excipi-

100 2707 164 2760 tut.
178 2694 305 2762 Ostium
317 2697 480 2764 externam
498 2695 695 2783 superficient
710 2710 807 2780 atque
820 2693 976 2758 internam

86 2783 266 2850 -cavitatenr
279 2785 376 2874 cingit
386 2783 565 2849 membrana
579 2781 735 2869 quaedam
746 2801 875 2846 nervosa
888 2782 976 2864 peri·
1012 2787 1027 2858 .'

62 2926 67 2950 ,
99 2874 218 2938 ortium
236 2873 348 2951 dicta,
372 2893 455 2958 quae
470 2871 642 2960 primordia
665 2870 781 2935 ossium
797 2869 978 2948 constituit,

95 2959 200 3043 iisque
214 2959 453 3026 sensibilitatem
475 2954 722 3026 confortasti?
748 2955 976 3110 Cartila'fiiner

94 3063 175 3140 aaut
193 3065 301 3138 partes
317 3047 442 3142 ossibus
460 3049 631 3140 analogae,
646 3066 787 3127 attamen
809 3046 884 3114 uex‘*
905 3044 977 3125 iles,
