2270 3416
171 75 235 146 174
398 129 402 137 .
443 66 632 119 tttsrtavu.
655 69 787 132 tultos.

165 167 205 210 eo
232 143 401 232 voluntatis
435 161 508 206 actu
536 141 693 207 decrerit.
720 141 764 204 At
787 140 1080 228 quemadmodum

167 227 207 303 e'x
223 233 343 294 infinito
358 231 520 295 intellectu
537 229 645 294 divino
668 228 848 317 colligitur,
866 232 1007 296 unicum
1025 253 1081 298 es-

163 343 195 388 se
216 321 274 384 Dei
291 319 453 385 decretum
470 337 500 382 et
516 316 580 382 sine
598 317 660 382 ulla
682 336 863 405 temporum
884 325 1081 386 successio-

164 431 225 484 ne;
247 410 289 491 ita
311 407 403 472 etiam
426 429 466 474 ex
489 423 598 470 nostro
622 406 712 471 linito
738 405 901 472 intellectu
928 407 1077 474 humano

166 497 345 584 colligitur,
366 497 399 560 in
421 495 557 562 decretis
581 493 692 558 divinis
720 495 998 582 multiplicitatem
1023 500 1075 562 di-

164 607 357 670 versumque
372 583 514 650 ordinem
538 585 674 668 spectari
698 604 811 670 posse,
828 587 956 650 ratione
981 586 1074 650 scili·

164 693 218 740 cet
244 673 359 736 obiecti
375 691 406 738 et
422 674 463 740 ad
479 669 653 738 faciliorem
674 669 794 752 decreti
814 671 916 738 ditiui
933 695 1072 764 reprae-

167 759 396 828 sentationem.-
999 835 1016 866 N

80 994 82 999 .
163 941 207 1029 Iu
237 965 306 1010 svts
335 962 502 1010 uacuums
530 925 706 1010 Duvs‘usr
728 962 895 1009 murmur.
913 965 1061 1018 snututts.
1122 987 1123 990 =

207 1111 271 1178 Xl.
317 1111 412 1177 Prob
425 1103 601 1196 Sapientiae
613 1113 737 1178 nomine
749 1111 955 1200 intelligimus
972 1115 1066 1180 scien·

162 1203 237 1268 tiam
266 1201 441 1266 actionibus
466 1200 658 1266 liberisliues
686 1219 819 1267 naturae
833 1221 910 1267 suae
938 1223 1067 1268 coute-

163 1295 285 1357 nientes
304 1289 554 1377 praescribendi,
571 1305 602 1354 et
622 1289 723 1354 media
742 1289 783 1354 ad
798 1309 851 1354 eos
869 1291 1060 1358 conducen-

163 1381 208 1446 tia
226 1377 377 1468 eligendi,
401 1397 498 1464 atque
521 1379 597 1442 fiues
622 1376 823 1463 particulares
845 1375 905 1441 tibi
930 1380 1064 1446 inuicem

163 1485 198 1536 et
213 1486 245 1533 at
269 1463 622 1538 tot'umsubotdinandi.
646 1462 684 1530 In
709 1465 860 1553 sapientia
886 1466 987 1554 igitur
1008 1473 1064 1535 tria

165 1553 340 1644 spectanda
357 1573 446 1632 sunt,
464 1553 608 1619 nimitum
628 1573 656 1618 1.
672 1553 756 1618 Finis
771 1552 1009 1622 determinatio.
1025 1577 1062 1622 ιι.

164 1645 348 1710 Mediorum
366 1643 490 1708 electio.
506 1662 560 1706 ιιι.
575 1642 701 1707 Finium
724 1642 965 1730 particularium
988 1646 1063 1714 sub-

168 1735 335 1798 ordinatio.
365 1730 415 1794 Ex
438 1731 500 1796 hoc
526 1730 643 1818 triplici
666 1727 752 1798 fonte
777 1732 966 1800 aestimandi
996 1754 1062 1801 suut
1124 1773 1125 1792 t

166 1823 339 1912 sapientiae
363 1819 478 1910 gradus
503 1821 564 1897 ita,
594 1836 629 1884 ut
654 1821 722 1906 quis
745 1841 784 1884 eo
809 1821 990 1904 sapientior
1015 1827 1061 1902 sit,

165 1907 232 2001 quo
249 1913 345 1974 tarius
358 1909 397 1973 ab
416 1909 460 1971 his
478 1910 591 1994 regulis
612 1905 746 1974 aberrat.
760 1907 805 1970 At
821 1907 894 1973 Deo
909 1915 1062 1998 competit

167 1999 317 2083 sapientia
333 2001 362 2062 itt
377 1995 474 2086 gradu
490 1996 634 2062 absolute
653 2017 778 2060 summo
795 2017 848 2060 seu
865 1995 1060 2084 perfectissi-

165 2109 230 2152 mo.
251 2086 375 2150 Etenim
401 2107 487 2151 mens
515 2085 649 2148 humana
665 2097 772 2170 'capax
798 2101 846 2150 est
875 2087 1059 2170 sapientiae,

132 2229 133 2234 ,
164 2175 241 2242 licet
264 2173 437 2239 admodum
460 2173 610 2238 limitatae
635 2189 704 2237 tum
729 2171 838 2259 quoad
866 2172 937 2236 linis
964 2177 1061 2242 derer-

165 2265 398 2340 minatinnetn,
429 2281 498 2326 tunt
530 2259 638 2350 quoad
659 2259 833 2326 mediorum
863 2261 1059 2343 electionem,

163 2371 234 2419 tum
264 2350 373 2440 quoad
406 2351 514 2415 finium
551 2349 803 2437 particularium,
823 2347 1060 2419 subordinatio-

167 2434 249 2507 rietn.
274 2441 381 2522 Quare
397 2462 494 2528 quuru
511 2436 747 2524 perfectiones,
773 2457 853 2523 quae
870 2434 975 2504 anime
999 2438 1057 2504 hu-

166 2551 277 2594 manae
291 2530 394 2592 insunt
409 2575 417 2605 ,
435 2529 507 2592 Deo
525 2526 708 2592 tribuendae
726 2527 784 2588 sint
801 2527 829 2588 in
846 2525 949 2613 gradu
964 2527 1057 2594 abso·

162 2619 235 2694 ,tute
251 2639 390 2690 summo,
408 2633 440 2682 et
457 2617 583 2700 quidem
599 2633 679 2702 quae
693 2613 782 2678 nobis
796 2615 903 2680 insunt
919 2638 976 2700 per
992 2639 1058 2682 mu-

159 2697 242 2770 'ilum
260 2705 440 2788 potentiae,
456 2705 527 2770 Deo
541 2703 728 2768 conveniant
744 2723 798 2787 per
817 2703 948 2768 modum
960 2722 1055 2782 actum

167 2776 319 2878 &rapientia
348 2792 378 2852 in
397 2793 502 2880 ¹gradu
521 2789 673 2858 'absolute
699 2811 820 2854 summo
859 2789 934 2856 Deo
969 2793 1055 2858 inest.

167 2879 252 2955 Quia
274 2879 373 2962 ¹igitur
388 2879 542 2964 sapientia
564 2879 719 2963 triplicem
740 2879 898 2944 scientiam
915 2879 1056 2965 involvit,

170 2986 281 3054 'tempe
298 2965 365 3046 finis
388 2963 701 3050 determinationem,
727 2964 903 3031 mediorum
929 2970 1055 3034 electio-
