<?xml version="1.0" encoding="UTF-8"?>
<!DOCTYPE html PUBLIC "-//W3C//DTD XHTML 1.0 Transitional//EN"
    "http://www.w3.org/TR/xhtml1/DTD/xhtml1-transitional.dtd">
<html xmlns="http://www.w3.org/1999/xhtml" xml:lang="en" lang="en">
 <head>
  <title>
</title>
<meta http-equiv="Content-Type" content="text/html;charset=utf-8" />
  <meta name='ocr-system' content='tesseract 3.04.00' />
  <meta name='ocr-capabilities' content='ocr_page ocr_carea ocr_par ocr_line ocrx_word'/>
</head>
<body>
  <div class='ocr_page' id='page_1' title='image "./institutionesph00jacqgoog_0025.png"; bbox 0 0 2300 3506; ppageno 0'>
   <div class='ocr_carea' id='block_1_1' title="bbox 211 179 1129 2999">
    <p class='ocr_par' dir='ltr' id='par_1_1' title="bbox 225 179 810 230">
     <span class='ocr_line' id='line_1_1' title="bbox 225 179 810 230; baseline -0.007 0"><span class='ocrx_word' id='word_1_1' title='bbox 225 183 247 230; x_wconf 70' lang='lat' dir='ltr'>s</span> <span class='ocrx_word' id='word_1_2' title='bbox 475 179 652 230; x_wconf 78' lang='lat' dir='ltr'>tusrtrvr</span> <span class='ocrx_word' id='word_1_3' title='bbox 673 179 810 229; x_wconf 75' lang='lat' dir='ltr'>mltos.</span> 
     </span>
    </p>

    <p class='ocr_par' dir='ltr' id='par_1_2' title="bbox 215 250 1094 1228">
     <span class='ocr_line' id='line_1_2' title="bbox 221 250 1062 331; baseline 0.002 -12"><span class='ocrx_word' id='word_1_4' title='bbox 221 255 269 319; x_wconf 78' lang='lat' dir='ltr'>tio</span> <span class='ocrx_word' id='word_1_5' title='bbox 291 271 390 331; x_wconf 79' lang='lat' dir='ltr'>sera,</span> <span class='ocrx_word' id='word_1_6' title='bbox 415 269 508 319; x_wconf 82' lang='lat' dir='ltr'>certa</span> <span class='ocrx_word' id='word_1_7' title='bbox 532 265 565 318; x_wconf 81' lang='lat' dir='ltr'>ct</span> <span class='ocrx_word' id='word_1_8' title='bbox 582 250 714 318; x_wconf 83' lang='lat' dir='ltr'>evidens</span> <span class='ocrx_word' id='word_1_9' title='bbox 731 267 841 316; x_wconf 81' lang='lat' dir='ltr'>rerum</span> <span class='ocrx_word' id='word_1_10' title='bbox 852 252 1062 321; x_wconf 68' lang='lat' dir='ltr'>,naturalium</span> 
     </span>
     <span class='ocr_line' id='line_1_3' title="bbox 215 339 1065 445; baseline 0.005 -40"><span class='ocrx_word' id='word_1_11' title='bbox 215 362 280 445; x_wconf 73' lang='lat' dir='ltr'>per</span> <span class='ocrx_word' id='word_1_12' title='bbox 304 363 435 408; x_wconf 79' lang='lat' dir='ltr'><em>causas.</em></span> <span class='ocrx_word' id='word_1_13' title='bbox 460 341 588 406; x_wconf 80' lang='lat' dir='ltr'>Dicitur</span> <span class='ocrx_word' id='word_1_14' title='bbox 615 339 757 430; x_wconf 75' lang='lat' dir='ltr'>cognitio</span> <span class='ocrx_word' id='word_1_15' title='bbox 781 359 861 407; x_wconf 81' lang='lat' dir='ltr'>vcra</span> <span class='ocrx_word' id='word_1_16' title='bbox 884 361 940 406; x_wconf 90' lang='lat' dir='ltr'>seu</span> <span class='ocrx_word' id='word_1_17' title='bbox 968 344 1065 410; x_wconf 83' lang='lat' dir='ltr'>rebus</span> 
     </span>
     <span class='ocr_line' id='line_1_4' title="bbox 221 425 1063 516; baseline 0.004 -24"><span class='ocrx_word' id='word_1_18' title='bbox 221 432 298 516; x_wconf 80' lang='lat' dir='ltr'>apsis</span> <span class='ocrx_word' id='word_1_19' title='bbox 320 447 549 507; x_wconf 75' lang='lat' dir='ltr'>consentanea,</span> <span class='ocrx_word' id='word_1_20' title='bbox 566 447 602 494; x_wconf 89' lang='lat' dir='ltr'>ut</span> <span class='ocrx_word' id='word_1_21' title='bbox 619 428 744 496; x_wconf 86' lang='lat' dir='ltr'>differat</span> <span class='ocrx_word' id='word_1_22' title='bbox 759 425 801 492; x_wconf 83' lang='lat' dir='ltr'>ab</span> <span class='ocrx_word' id='word_1_23' title='bbox 816 449 940 507; x_wconf 92' lang='lat' dir='ltr'>errore,</span> <span class='ocrx_word' id='word_1_24' title='bbox 955 443 1063 512; x_wconf 85' lang='lat' dir='ltr'>certa,</span> 
     </span>
     <span class='ocr_line' id='line_1_5' title="bbox 221 517 1062 606; baseline 0.004 -26"><span class='ocrx_word' id='word_1_25' title='bbox 221 536 258 582; x_wconf 91' lang='lat' dir='ltr'>ut</span> <span class='ocrx_word' id='word_1_26' title='bbox 284 517 497 606; x_wconf 78' lang='lat' dir='ltr'>distinguatur</span> <span class='ocrx_word' id='word_1_27' title='bbox 518 519 559 584; x_wconf 87' lang='lat' dir='ltr'>ab</span> <span class='ocrx_word' id='word_1_28' title='bbox 575 517 748 604; x_wconf 90' lang='lat' dir='ltr'>opinione,</span> <span class='ocrx_word' id='word_1_29' title='bbox 765 537 935 602; x_wconf 86' lang='lat' dir='ltr'>quaecum</span> <span class='ocrx_word' id='word_1_30' title='bbox 949 539 1062 583; x_wconf 83' lang='lat' dir='ltr'>erran-</span> 
     </span>
     <span class='ocr_line' id='line_1_6' title="bbox 223 604 1063 690; baseline 0 -19"><span class='ocrx_word' id='word_1_31' title='bbox 223 606 258 690; x_wconf 48' lang='lat' dir='ltr'>di,</span> <span class='ocrx_word' id='word_1_32' title='bbox 279 604 444 674; x_wconf 81' lang='lat' dir='ltr'>formidine</span> <span class='ocrx_word' id='word_1_33' title='bbox 466 609 638 672; x_wconf 90' lang='lat' dir='ltr'>coniuncta</span> <span class='ocrx_word' id='word_1_34' title='bbox 659 623 728 685; x_wconf 86' lang='lat' dir='ltr'>est3</span> <span class='ocrx_word' id='word_1_35' title='bbox 757 604 910 686; x_wconf 79' lang='lat' dir='ltr'>evidens,</span> <span class='ocrx_word' id='word_1_36' title='bbox 932 623 970 670; x_wconf 87' lang='lat' dir='ltr'>ut</span> <span class='ocrx_word' id='word_1_37' title='bbox 993 605 1063 672; x_wconf 87' lang='lat' dir='ltr'>dif-</span> 
     </span>
     <span class='ocr_line' id='line_1_7' title="bbox 221 693 1063 785; baseline 0.004 -26"><span class='ocrx_word' id='word_1_38' title='bbox 221 693 302 760; x_wconf 86' lang='lat' dir='ltr'>ferat</span> <span class='ocrx_word' id='word_1_39' title='bbox 320 718 337 759; x_wconf 91' lang='lat' dir='ltr'>a</span> <span class='ocrx_word' id='word_1_40' title='bbox 359 694 421 762; x_wconf 91' lang='lat' dir='ltr'>fide</span> <span class='ocrx_word' id='word_1_41' title='bbox 433 739 443 774; x_wconf 90' lang='lat'>,</span> <span class='ocrx_word' id='word_1_42' title='bbox 456 717 539 785; x_wconf 90' lang='lat' dir='ltr'>quae</span> <span class='ocrx_word' id='word_1_43' title='bbox 554 694 780 760; x_wconf 82' lang='lat' dir='ltr'>obscuritatem</span> <span class='ocrx_word' id='word_1_44' title='bbox 805 693 984 762; x_wconf 87' lang='lat' dir='ltr'>adiunctam</span> <span class='ocrx_word' id='word_1_45' title='bbox 998 694 1063 762; x_wconf 89' lang='lat' dir='ltr'>ha·</span> 
     </span>
     <span class='ocr_line' id='line_1_8' title="bbox 220 781 1062 872; baseline 0.006 -24"><span class='ocrx_word' id='word_1_46' title='bbox 220 781 274 848; x_wconf 82' lang='lat' dir='ltr'>bet</span> <span class='ocrx_word' id='word_1_47' title='bbox 298 805 308 859; x_wconf 97' lang='lat'>3</span> <span class='ocrx_word' id='word_1_48' title='bbox 332 807 439 850; x_wconf 79' lang='lat' dir='ltr'>rerum</span> <span class='ocrx_word' id='word_1_49' title='bbox 462 783 697 863; x_wconf 75' lang='lat' dir='ltr'><em>naturalium,</em></span> <span class='ocrx_word' id='word_1_50' title='bbox 725 804 807 872; x_wconf 89' lang='lat' dir='ltr'>quae</span> <span class='ocrx_word' id='word_1_51' title='bbox 831 783 906 850; x_wconf 87' lang='lat' dir='ltr'>solis</span> <span class='ocrx_word' id='word_1_52' title='bbox 930 801 1062 853; x_wconf 81' lang='lat' dir='ltr'>naturae</span> 
     </span>
     <span class='ocr_line' id='line_1_9' title="bbox 220 870 1060 960; baseline 0.005 -26"><span class='ocrx_word' id='word_1_53' title='bbox 220 870 339 938; x_wconf 81' lang='lat' dir='ltr'>viribus</span> <span class='ocrx_word' id='word_1_54' title='bbox 363 873 427 941; x_wconf 90' lang='lat' dir='ltr'>sine</span> <span class='ocrx_word' id='word_1_55' title='bbox 449 875 514 939; x_wconf 86' lang='lat' dir='ltr'>ulla</span> <span class='ocrx_word' id='word_1_56' title='bbox 530 873 722 941; x_wconf 79' lang='lat' dir='ltr'>revelatione</span> <span class='ocrx_word' id='word_1_57' title='bbox 744 873 896 959; x_wconf 81' lang='lat' dir='ltr'>cognosci</span> <span class='ocrx_word' id='word_1_58' title='bbox 913 888 1060 960; x_wconf 87' lang='lat' dir='ltr'>possunt,</span> 
     </span>
     <span class='ocr_line' id='line_1_10' title="bbox 219 960 1094 1052; baseline 0.001 -27"><span class='ocrx_word' id='word_1_59' title='bbox 219 977 258 1025; x_wconf 86' lang='lat' dir='ltr'>ut</span> <span class='ocrx_word' id='word_1_60' title='bbox 282 985 301 1026; x_wconf 87' lang='lat' dir='ltr'>a</span> <span class='ocrx_word' id='word_1_61' title='bbox 327 983 417 1028; x_wconf 88' lang='lat' dir='ltr'>sacra</span> <span class='ocrx_word' id='word_1_62' title='bbox 439 961 602 1052; x_wconf 83' lang='lat' dir='ltr'>theologia</span> <span class='ocrx_word' id='word_1_63' title='bbox 630 960 842 1050; x_wconf 86' lang='lat' dir='ltr'>distinguatur</span> <span class='ocrx_word' id='word_1_64' title='bbox 856 984 867 1038; x_wconf 91' lang='lat'>3</span> <span class='ocrx_word' id='word_1_65' title='bbox 889 981 948 1048; x_wconf 75' lang='lat' dir='ltr'>per</span> <span class='ocrx_word' id='word_1_66' title='bbox 975 983 1062 1026; x_wconf 86' lang='lat' dir='ltr'>catt-</span> <span class='ocrx_word' id='word_1_67' title='bbox 1092 1022 1094 1026; x_wconf 85' lang='lat'>.</span> 
     </span>
     <span class='ocr_line' id='line_1_11' title="bbox 219 1047 1062 1141; baseline 0.002 -26"><span class='ocrx_word' id='word_1_68' title='bbox 219 1072 305 1128; x_wconf 84' lang='lat' dir='ltr'>sat,</span> <span class='ocrx_word' id='word_1_69' title='bbox 333 1051 395 1115; x_wconf 92' lang='lat' dir='ltr'>hoc</span> <span class='ocrx_word' id='word_1_70' title='bbox 419 1069 468 1117; x_wconf 87' lang='lat' dir='ltr'>est</span> <span class='ocrx_word' id='word_1_71' title='bbox 490 1073 546 1139; x_wconf 93' lang='lat' dir='ltr'>per</span> <span class='ocrx_word' id='word_1_72' title='bbox 572 1051 735 1128; x_wconf 85' lang='lat' dir='ltr'>rationes,</span> <span class='ocrx_word' id='word_1_73' title='bbox 763 1070 802 1116; x_wconf 86' lang='lat' dir='ltr'>ex</span> <span class='ocrx_word' id='word_1_74' title='bbox 825 1048 940 1141; x_wconf 88' lang='lat' dir='ltr'>quibus</span> <span class='ocrx_word' id='word_1_75' title='bbox 961 1047 1062 1116; x_wconf 89' lang='lat' dir='ltr'>intel-</span> 
     </span>
     <span class='ocr_line' id='line_1_12' title="bbox 221 1137 925 1228; baseline 0 -26"><span class='ocrx_word' id='word_1_76' title='bbox 221 1137 356 1228; x_wconf 81' lang='lat' dir='ltr'>ligitur,</span> <span class='ocrx_word' id='word_1_77' title='bbox 372 1161 431 1202; x_wconf 91' lang='lat' dir='ltr'>cur</span> <span class='ocrx_word' id='word_1_78' title='bbox 457 1162 506 1207; x_wconf 89' lang='lat' dir='ltr'>res</span> <span class='ocrx_word' id='word_1_79' title='bbox 530 1139 594 1204; x_wconf 88' lang='lat' dir='ltr'>sint</span> <span class='ocrx_word' id='word_1_80' title='bbox 614 1139 666 1206; x_wconf 80' lang='lat' dir='ltr'>vel</span> <span class='ocrx_word' id='word_1_81' title='bbox 696 1159 763 1205; x_wconf 85' lang='lat' dir='ltr'>esse</span> <span class='ocrx_word' id='word_1_82' title='bbox 789 1139 925 1224; x_wconf 77' lang='lat' dir='ltr'>possint.</span> 
     </span>
    </p>

    <p class='ocr_par' dir='ltr' id='par_1_3' title="bbox 212 1223 1129 2730">
     <span class='ocr_line' id='line_1_13' title="bbox 286 1223 1060 1317; baseline 0 -25"><span class='ocrx_word' id='word_1_83' title='bbox 286 1228 398 1314; x_wconf 84' lang='lat' dir='ltr'>Atque</span> <span class='ocrx_word' id='word_1_84' title='bbox 422 1226 494 1294; x_wconf 91' lang='lat' dir='ltr'>hinc</span> <span class='ocrx_word' id='word_1_85' title='bbox 514 1244 631 1315; x_wconf 77' lang='lat' dir='ltr'>patet:</span> <span class='ocrx_word' id='word_1_86' title='bbox 664 1226 881 1317; x_wconf 85' lang='lat' dir='ltr'>cognitionem</span> <span class='ocrx_word' id='word_1_87' title='bbox 908 1223 1060 1312; x_wconf 88' lang='lat' dir='ltr'>philoso-</span> 
     </span>
     <span class='ocr_line' id='line_1_14' title="bbox 218 1311 1129 1402; baseline 0.001 -24"><span class='ocrx_word' id='word_1_88' title='bbox 218 1311 343 1402; x_wconf 84' lang='lat' dir='ltr'>phicam</span> <span class='ocrx_word' id='word_1_89' title='bbox 361 1362 372 1394; x_wconf 90' lang='lat'>,</span> <span class='ocrx_word' id='word_1_90' title='bbox 387 1334 454 1381; x_wconf 88' lang='lat' dir='ltr'>tum</span> <span class='ocrx_word' id='word_1_91' title='bbox 481 1314 522 1382; x_wconf 89' lang='lat' dir='ltr'>ab</span> <span class='ocrx_word' id='word_1_92' title='bbox 542 1316 716 1394; x_wconf 88' lang='lat' dir='ltr'>historica,</span> <span class='ocrx_word' id='word_1_93' title='bbox 738 1332 839 1381; x_wconf 88' lang='lat' dir='ltr'>tuma</span> <span class='ocrx_word' id='word_1_94' title='bbox 855 1314 1058 1381; x_wconf 82' lang='lat' dir='ltr'>mathemati·</span> <span class='ocrx_word' id='word_1_95' title='bbox 1128 1389 1129 1398; x_wconf 10' lang='grc' dir='ltr'>χ</span> 
     </span>
     <span class='ocr_line' id='line_1_15' title="bbox 217 1403 1129 1493; baseline 0.004 -27"><span class='ocrx_word' id='word_1_96' title='bbox 217 1423 256 1467; x_wconf 89' lang='lat' dir='ltr'>ca</span> <span class='ocrx_word' id='word_1_97' title='bbox 285 1403 418 1471; x_wconf 87' lang='lat' dir='ltr'>differre.</span> <span class='ocrx_word' id='word_1_98' title='bbox 451 1406 612 1471; x_wconf 84' lang='lat' dir='ltr'>Historica</span> <span class='ocrx_word' id='word_1_99' title='bbox 636 1404 719 1470; x_wconf 89' lang='lat' dir='ltr'>enim</span> <span class='ocrx_word' id='word_1_100' title='bbox 744 1405 886 1493; x_wconf 88' lang='lat' dir='ltr'>cognitio</span> <span class='ocrx_word' id='word_1_101' title='bbox 915 1405 946 1468; x_wconf 95' lang='lat' dir='ltr'>in</span> <span class='ocrx_word' id='word_1_102' title='bbox 970 1403 1057 1470; x_wconf 78' lang='lat' dir='ltr'>nuda</span> <span class='ocrx_word' id='word_1_103' title='bbox 1128 1407 1129 1416; x_wconf 76' lang='grc'>’</span> 
     </span>
     <span class='ocr_line' id='line_1_16' title="bbox 217 1489 1057 1583; baseline 0.002 -27"><span class='ocrx_word' id='word_1_104' title='bbox 217 1489 293 1557; x_wconf 82' lang='lat' dir='ltr'>sacti</span> <span class='ocrx_word' id='word_1_105' title='bbox 319 1495 430 1562; x_wconf 88' lang='lat' dir='ltr'>notitia</span> <span class='ocrx_word' id='word_1_106' title='bbox 455 1494 597 1562; x_wconf 83' lang='lat' dir='ltr'>consistit</span> <span class='ocrx_word' id='word_1_107' title='bbox 619 1516 630 1571; x_wconf 93' lang='lat'>3</span> <span class='ocrx_word' id='word_1_108' title='bbox 655 1492 877 1559; x_wconf 87' lang='lat' dir='ltr'>matemathica</span> <span class='ocrx_word' id='word_1_109' title='bbox 900 1494 986 1558; x_wconf 82' lang='lat' dir='ltr'>circa</span> <span class='ocrx_word' id='word_1_110' title='bbox 1000 1515 1057 1583; x_wconf 81' lang='lat' dir='ltr'>re-</span> 
     </span>
     <span class='ocr_line' id='line_1_17' title="bbox 216 1582 1059 1671; baseline 0.002 -25"><span class='ocrx_word' id='word_1_111' title='bbox 216 1591 285 1648; x_wconf 81' lang='lat' dir='ltr'>tum</span> <span class='ocrx_word' id='word_1_112' title='bbox 299 1587 506 1670; x_wconf 84' lang='lat' dir='ltr'>quantitatem</span> <span class='ocrx_word' id='word_1_113' title='bbox 522 1601 554 1650; x_wconf 89' lang='lat' dir='ltr'>et</span> <span class='ocrx_word' id='word_1_114' title='bbox 573 1582 822 1671; x_wconf 82' lang='lat' dir='ltr'>proportionem</span> <span class='ocrx_word' id='word_1_115' title='bbox 837 1598 983 1648; x_wconf 88' lang='lat' dir='ltr'>versatur</span> <span class='ocrx_word' id='word_1_116' title='bbox 997 1602 1007 1659; x_wconf 92' lang='lat'>3</span> <span class='ocrx_word' id='word_1_117' title='bbox 1021 1598 1059 1648; x_wconf 84' lang='lat' dir='ltr'>at</span> 
     </span>
     <span class='ocr_line' id='line_1_18' title="bbox 216 1669 1057 1760; baseline 0.002 -26"><span class='ocrx_word' id='word_1_118' title='bbox 216 1673 357 1758; x_wconf 86' lang='lat' dir='ltr'>cognitio</span> <span class='ocrx_word' id='word_1_119' title='bbox 372 1671 594 1760; x_wconf 84' lang='lat' dir='ltr'>philosophica</span> <span class='ocrx_word' id='word_1_120' title='bbox 607 1671 736 1737; x_wconf 90' lang='lat' dir='ltr'>ulterius</span> <span class='ocrx_word' id='word_1_121' title='bbox 753 1669 978 1758; x_wconf 88' lang='lat' dir='ltr'>progreditur,</span> <span class='ocrx_word' id='word_1_122' title='bbox 991 1670 1057 1736; x_wconf 83' lang='lat' dir='ltr'>ad-</span> 
     </span>
     <span class='ocr_line' id='line_1_19' title="bbox 218 1757 1054 1835; baseline 0.001 -12"><span class='ocrx_word' id='word_1_123' title='bbox 218 1757 285 1823; x_wconf 83' lang='lat' dir='ltr'>dita</span> <span class='ocrx_word' id='word_1_124' title='bbox 314 1759 433 1826; x_wconf 86' lang='lat' dir='ltr'>scilicet</span> <span class='ocrx_word' id='word_1_125' title='bbox 463 1760 610 1835; x_wconf 86' lang='lat' dir='ltr'>ratione,</span> <span class='ocrx_word' id='word_1_126' title='bbox 640 1779 697 1824; x_wconf 92' lang='lat' dir='ltr'>cur</span> <span class='ocrx_word' id='word_1_127' title='bbox 727 1782 775 1824; x_wconf 91' lang='lat' dir='ltr'>res</span> <span class='ocrx_word' id='word_1_128' title='bbox 803 1760 848 1823; x_wconf 89' lang='lat' dir='ltr'>ira</span> <span class='ocrx_word' id='word_1_129' title='bbox 870 1757 1054 1825; x_wconf 83' lang='lat' dir='ltr'>sehabeat.</span> 
     </span>
     <span class='ocr_line' id='line_1_20' title="bbox 215 1841 1055 1935; baseline 0.006 -27"><span class='ocrx_word' id='word_1_130' title='bbox 215 1841 365 1931; x_wconf 88' lang='lat' dir='ltr'>Triplicis</span> <span class='ocrx_word' id='word_1_131' title='bbox 394 1847 485 1912; x_wconf 86' lang='lat' dir='ltr'>huius</span> <span class='ocrx_word' id='word_1_132' title='bbox 504 1846 693 1935; x_wconf 88' lang='lat' dir='ltr'>cognitionis</span> <span class='ocrx_word' id='word_1_133' title='bbox 717 1847 880 1913; x_wconf 87' lang='lat' dir='ltr'>discrimen</span> <span class='ocrx_word' id='word_1_134' title='bbox 903 1848 1055 1932; x_wconf 88' lang='lat' dir='ltr'>exernplo</span> 
     </span>
     <span class='ocr_line' id='line_1_21' title="bbox 214 1931 1055 2014; baseline 0.004 -18"><span class='ocrx_word' id='word_1_135' title='bbox 214 1931 451 2000; x_wconf 83' lang='lat' dir='ltr'>illustrabimut.</span> <span class='ocrx_word' id='word_1_136' title='bbox 478 1935 543 2014; x_wconf 89' lang='lat' dir='ltr'>Qui</span> <span class='ocrx_word' id='word_1_137' title='bbox 572 1935 660 2000; x_wconf 88' lang='lat' dir='ltr'>novit</span> <span class='ocrx_word' id='word_1_138' title='bbox 681 1937 753 2000; x_wconf 90' lang='lat' dir='ltr'>solis</span> <span class='ocrx_word' id='word_1_139' title='bbox 771 1935 932 2001; x_wconf 86' lang='lat' dir='ltr'>meridiani</span> <span class='ocrx_word' id='word_1_140' title='bbox 957 1935 1055 1999; x_wconf 86' lang='lat' dir='ltr'>calo-</span> 
     </span>
     <span class='ocr_line' id='line_1_22' title="bbox 215 2021 1051 2103; baseline -0.001 -13"><span class='ocrx_word' id='word_1_141' title='bbox 215 2047 281 2092; x_wconf 90' lang='lat' dir='ltr'>rem</span> <span class='ocrx_word' id='word_1_142' title='bbox 301 2045 387 2088; x_wconf 88' lang='lat' dir='ltr'>nunc</span> <span class='ocrx_word' id='word_1_143' title='bbox 408 2045 576 2102; x_wconf 87' lang='lat' dir='ltr'>crescere,</span> <span class='ocrx_word' id='word_1_144' title='bbox 602 2044 686 2088; x_wconf 90' lang='lat' dir='ltr'>nunc</span> <span class='ocrx_word' id='word_1_145' title='bbox 712 2023 928 2103; x_wconf 88' lang='lat' dir='ltr'>decrescere,</span> <span class='ocrx_word' id='word_1_146' title='bbox 956 2021 1051 2089; x_wconf 84' lang='lat' dir='ltr'>huius</span> 
     </span>
     <span class='ocr_line' id='line_1_23' title="bbox 215 2111 1053 2202; baseline 0.004 -25"><span class='ocrx_word' id='word_1_147' title='bbox 215 2111 358 2202; x_wconf 81' lang='lat' dir='ltr'>cognitio</span> <span class='ocrx_word' id='word_1_148' title='bbox 372 2112 522 2178; x_wconf 87' lang='lat' dir='ltr'>historica</span> <span class='ocrx_word' id='word_1_149' title='bbox 547 2127 617 2187; x_wconf 90' lang='lat' dir='ltr'>est3</span> <span class='ocrx_word' id='word_1_150' title='bbox 635 2113 690 2199; x_wconf 86' lang='lat' dir='ltr'>qui</span> <span class='ocrx_word' id='word_1_151' title='bbox 714 2113 871 2178; x_wconf 86' lang='lat' dir='ltr'>radiorum</span> <span class='ocrx_word' id='word_1_152' title='bbox 903 2112 1053 2180; x_wconf 83' lang='lat' dir='ltr'>solarium</span> 
     </span>
     <span class='ocr_line' id='line_1_24' title="bbox 212 2200 1054 2289; baseline -0.001 -22"><span class='ocrx_word' id='word_1_153' title='bbox 212 2201 400 2267; x_wconf 82' lang='lat' dir='ltr'>densitatem</span> <span class='ocrx_word' id='word_1_154' title='bbox 418 2247 426 2278; x_wconf 92' lang='lat'>‚</span> <span class='ocrx_word' id='word_1_155' title='bbox 441 2219 473 2267; x_wconf 88' lang='lat' dir='ltr'>et</span> <span class='ocrx_word' id='word_1_156' title='bbox 488 2202 567 2263; x_wconf 86' lang='lat' dir='ltr'>ictus</span> <span class='ocrx_word' id='word_1_157' title='bbox 586 2200 836 2284; x_wconf 85' lang='lat' dir='ltr'>magnitudinem</span> <span class='ocrx_word' id='word_1_158' title='bbox 854 2249 866 2280; x_wconf 94' lang='lat'>,</span> <span class='ocrx_word' id='word_1_159' title='bbox 887 2220 983 2289; x_wconf 88' lang='lat' dir='ltr'>atque</span> <span class='ocrx_word' id='word_1_160' title='bbox 996 2201 1054 2266; x_wconf 86' lang='lat' dir='ltr'>in-</span> 
     </span>
     <span class='ocr_line' id='line_1_25' title="bbox 214 2286 1054 2374; baseline 0.002 -19"><span class='ocrx_word' id='word_1_161' title='bbox 214 2286 257 2356; x_wconf 93' lang='lat' dir='ltr'>de</span> <span class='ocrx_word' id='word_1_162' title='bbox 289 2290 419 2374; x_wconf 84' lang='lat' dir='ltr'>gradum</span> <span class='ocrx_word' id='word_1_163' title='bbox 434 2289 546 2353; x_wconf 79' lang='lat' dir='ltr'>caloris</span> <span class='ocrx_word' id='word_1_164' title='bbox 575 2290 838 2369; x_wconf 81' lang='lat' dir='ltr'>valetdeiinire,</span> <span class='ocrx_word' id='word_1_165' title='bbox 870 2290 894 2354; x_wconf 85' lang='lat' dir='ltr'>is</span> <span class='ocrx_word' id='word_1_166' title='bbox 925 2288 1054 2357; x_wconf 87' lang='lat' dir='ltr'>mathe-</span> 
     </span>
     <span class='ocr_line' id='line_1_26' title="bbox 213 2377 1055 2466; baseline 0 -22"><span class='ocrx_word' id='word_1_167' title='bbox 213 2380 328 2445; x_wconf 86' lang='lat' dir='ltr'>matica</span> <span class='ocrx_word' id='word_1_168' title='bbox 352 2377 535 2455; x_wconf 74' lang='lat' dir='ltr'>cognitione</span> <span class='ocrx_word' id='word_1_169' title='bbox 558 2378 729 2442; x_wconf 88' lang='lat' dir='ltr'>instructus</span> <span class='ocrx_word' id='word_1_170' title='bbox 745 2396 816 2454; x_wconf 89' lang='lat' dir='ltr'>est3</span> <span class='ocrx_word' id='word_1_171' title='bbox 840 2394 871 2444; x_wconf 88' lang='lat' dir='ltr'>at</span> <span class='ocrx_word' id='word_1_172' title='bbox 900 2377 1055 2466; x_wconf 84' lang='lat' dir='ltr'>philoso-</span> 
     </span>
     <span class='ocr_line' id='line_1_27' title="bbox 212 2465 1048 2555; baseline 0.002 -25"><span class='ocrx_word' id='word_1_173' title='bbox 212 2465 306 2555; x_wconf 85' lang='lat' dir='ltr'>phica</span> <span class='ocrx_word' id='word_1_174' title='bbox 329 2467 515 2554; x_wconf 80' lang='lat' dir='ltr'>cognitione</span> <span class='ocrx_word' id='word_1_175' title='bbox 538 2465 663 2551; x_wconf 88' lang='lat' dir='ltr'>pollet,</span> <span class='ocrx_word' id='word_1_176' title='bbox 686 2468 738 2550; x_wconf 92' lang='lat' dir='ltr'>qui</span> <span class='ocrx_word' id='word_1_177' title='bbox 760 2467 911 2530; x_wconf 88' lang='lat' dir='ltr'>maiorem</span> <span class='ocrx_word' id='word_1_178' title='bbox 932 2467 1048 2532; x_wconf 87' lang='lat' dir='ltr'>caloris</span> 
     </span>
     <span class='ocr_line' id='line_1_28' title="bbox 212 2553 1052 2644; baseline 0.004 -27"><span class='ocrx_word' id='word_1_179' title='bbox 212 2557 345 2644; x_wconf 88' lang='lat' dir='ltr'>gradum</span> <span class='ocrx_word' id='word_1_180' title='bbox 371 2577 388 2618; x_wconf 86' lang='lat' dir='ltr'>a</span> <span class='ocrx_word' id='word_1_181' title='bbox 418 2554 526 2617; x_wconf 84' lang='lat' dir='ltr'>maiori</span> <span class='ocrx_word' id='word_1_182' title='bbox 543 2553 701 2618; x_wconf 84' lang='lat' dir='ltr'>radiorum</span> <span class='ocrx_word' id='word_1_183' title='bbox 726 2555 903 2632; x_wconf 85' lang='lat' dir='ltr'>densitate,</span> <span class='ocrx_word' id='word_1_184' title='bbox 932 2574 965 2622; x_wconf 87' lang='lat' dir='ltr'>et</span> <span class='ocrx_word' id='word_1_185' title='bbox 987 2555 1052 2620; x_wconf 86' lang='lat' dir='ltr'>mi-</span> 
     </span>
     <span class='ocr_line' id='line_1_29' title="bbox 214 2641 912 2730; baseline 0.001 -22"><span class='ocrx_word' id='word_1_186' title='bbox 214 2645 283 2708; x_wconf 83' lang='lat' dir='ltr'>nori</span> <span class='ocrx_word' id='word_1_187' title='bbox 298 2643 381 2709; x_wconf 80' lang='lat' dir='ltr'>ictus</span> <span class='ocrx_word' id='word_1_188' title='bbox 398 2641 584 2727; x_wconf 86' lang='lat' dir='ltr'>obliquitate</span> <span class='ocrx_word' id='word_1_189' title='bbox 603 2643 743 2728; x_wconf 87' lang='lat' dir='ltr'>pendere</span> <span class='ocrx_word' id='word_1_190' title='bbox 757 2643 912 2730; x_wconf 88' lang='lat' dir='ltr'>intelligit.</span> 
     </span>
    </p>

    <p class='ocr_par' dir='ltr' id='par_1_4' title="bbox 211 2729 1052 2999">
     <span class='ocr_line' id='line_1_30' title="bbox 259 2729 1052 2820; baseline 0.001 -25"><span class='ocrx_word' id='word_1_191' title='bbox 259 2729 306 2795; x_wconf 89' lang='grc' dir='ltr'>ΙΙ.</span> <span class='ocrx_word' id='word_1_192' title='bbox 353 2732 511 2810; x_wconf 86' lang='lat' dir='ltr'>Quoniam</span> <span class='ocrx_word' id='word_1_193' title='bbox 526 2732 612 2817; x_wconf 88' lang='lat' dir='ltr'>prius</span> <span class='ocrx_word' id='word_1_194' title='bbox 639 2749 709 2808; x_wconf 90' lang='lat' dir='ltr'>est,</span> <span class='ocrx_word' id='word_1_195' title='bbox 732 2732 816 2796; x_wconf 90' lang='lat' dir='ltr'>facta</span> <span class='ocrx_word' id='word_1_196' title='bbox 832 2734 897 2816; x_wconf 84' lang='lat' dir='ltr'>ipsa</span> <span class='ocrx_word' id='word_1_197' title='bbox 914 2753 1052 2820; x_wconf 88' lang='lat' dir='ltr'>cognos-</span> 
     </span>
     <span class='ocr_line' id='line_1_31' title="bbox 213 2820 1051 2908; baseline 0.001 -22"><span class='ocrx_word' id='word_1_198' title='bbox 213 2841 310 2894; x_wconf 86' lang='lat' dir='ltr'>cere,</span> <span class='ocrx_word' id='word_1_199' title='bbox 340 2842 436 2908; x_wconf 87' lang='lat' dir='ltr'>quatu</span> <span class='ocrx_word' id='word_1_200' title='bbox 463 2841 574 2884; x_wconf 88' lang='lat' dir='ltr'>eorum</span> <span class='ocrx_word' id='word_1_201' title='bbox 602 2821 755 2884; x_wconf 89' lang='lat' dir='ltr'>tationem</span> <span class='ocrx_word' id='word_1_202' title='bbox 774 2820 905 2886; x_wconf 88' lang='lat' dir='ltr'>reddere</span> <span class='ocrx_word' id='word_1_203' title='bbox 924 2823 1051 2895; x_wconf 82' lang='lat' dir='ltr'>3ontnis</span> 
     </span>
     <span class='ocr_line' id='line_1_32' title="bbox 211 2905 1052 2999; baseline 0 -22"><span class='ocrx_word' id='word_1_204' title='bbox 211 2907 351 2978; x_wconf 73' lang='lat' dir='ltr'>humana</span> <span class='ocrx_word' id='word_1_205' title='bbox 379 2908 522 2999; x_wconf 87' lang='lat' dir='ltr'>cognitio</span> <span class='ocrx_word' id='word_1_206' title='bbox 537 2905 579 2974; x_wconf 90' lang='lat' dir='ltr'>ab</span> <span class='ocrx_word' id='word_1_207' title='bbox 602 2909 794 2996; x_wconf 82' lang='lat' dir='ltr'>experientia</span> <span class='ocrx_word' id='word_1_208' title='bbox 808 2907 976 2976; x_wconf 86' lang='lat' dir='ltr'>exordium</span> <span class='ocrx_word' id='word_1_209' title='bbox 990 2906 1052 2977; x_wconf 88' lang='lat' dir='ltr'>du·</span> 
     </span>
    </p>
   </div>
   <div class='ocr_carea' id='block_1_2' title="bbox 0 0 1154 3506">
    <p class='ocr_par' dir='ltr' id='par_1_5' title="bbox 0 0 1154 3506">
     <span class='ocr_line' id='line_1_33' title="bbox 0 0 1154 3506; baseline 0 5"><span class='ocrx_word' id='word_1_210' title='bbox 0 0 1154 3506; x_wconf 95' lang='lat' dir='ltr'> </span> 
     </span>
    </p>
   </div>
  </div>
 </body>
</html>
