2270 3416
167 85 246 148 '1q4
454 77 640 126 rusttrvr.
663 77 801 125 enatos.

179 173 230 222 est
251 149 497 217 conservationis
513 150 654 235 species,
680 146 814 214 directa
827 147 966 220 scilicet
991 172 1026 222 et
1049 159 1087 224 itt·

178 239 321 311 Heraea.
349 239 479 308 Direcra
491 258 539 302 est
550 241 701 301 continua
716 241 894 324 productio
913 244 963 308 rei
979 267 1089 330 pereo

178 336 298 398 tionem
329 329 510 414 positivam.
537 323 699 390 Indirecta
727 327 924 396 nihilaiiud
949 333 1088 422 intelligi·

169 438 256 497 tur,
282 439 379 504 quant
409 417 540 480 remotio
570 437 698 491 eorum,
722 437 805 501 quse
833 440 908 484 rem
934 423 1087 488 destruere

178 525 335 596 possuntt
360 508 402 568 ita
420 506 494 569 rium
510 505 579 587 quis
599 505 927 583 accensaeiueernae
957 511 1084 575 flammu-

164 599 240 664 utam
282 611 394 660 contra
421 611 590 658 ventorum
628 595 711 670 vim,
741 611 802 678 qua
829 600 1082 685 extingueretur,

165 707 273 753 ‚manu
291 680 441 769 protegit.
466 681 537 742 Alia
565 679 672 746 itidem
689 683 850 770 distinquiv
875 703 997 771 potest
1018 709 1080 774 spe.

178 777 239 840 cies
263 770 533 844 conservationis,
555 789 638 854 quae
658 771 812 858 negirtr'oa
829 770 986 854 dicitur,
1002 795 1076 842 etest

177 885 263 927 utera
279 882 342 924 non
355 860 527 924 destructio
545 857 601 934 rei,
613 879 695 944 quae
707 862 960 926 tarneudesttui
975 883 1073 950 posset.

243 951 301 1014 His
319 947 429 1036 positis
448 948 629 1032 quaeritur,
644 969 710 1033 quo
725 945 841 1034 go'nere
861 954 1072 1018 conservatio·

176 1039 225 1107 nis
247 1038 408 1126 indigeant
424 1055 611 1110 creaturae,
639 1053 674 1097 ut
699 1037 824 1122 reipsa
849 1058 1072 1106 conserventur

177 1151 196 1195 a
216 1131 296 1196 Deo.
311 1127 362 1191 De
379 1125 436 1188 hac
460 1146 490 1188 re
516 1121 634 1207 dupiex
650 1139 697 1188 est
715 1121 994 1211 philosophorum
1016 1152 1076 1194 sen·

176 1219 302 1290 tentia,
333 1217 405 1279 licet
428 1211 630 1296 ceteroquin
648 1233 763 1276 omnes
781 1229 954 1282 creaturas
972 1239 988 1280 a
1008 1217 1075 1282 Deo

177 1303 375 1380 conservari,
404 1301 617 1366 consentiant.
635 1299 700 1362 Alii
715 1301 846 1378 uniunt,
877 1306 978 1370 semei
990 1327 1077 1369 crea-

177 1395 335 1459 tis'rerum
355 1391 472 1454 naturis
490 1388 595 1451 datam
619 1409 686 1453 esse
706 1388 938 1470 stabilitatem,
962 1412 996 1456 ut
1010 1415 1079 1460 tuae

156 1499 308 1548 ‘naturae
332 1482 360 1543 vi
380 1499 449 1544 esse
477 1495 628 1564 pergant,
651 1476 708 1540 nisi
729 1500 746 1540 a
769 1478 840 1542 Deo
867 1479 1078 1548 destruantur.

159 1572 377 1636 ·Subsrantiae
405 1586 514 1630 omnes
539 1565 710 1630 secundum
726 1563 784 1633 hos
805 1565 1021 1658 philosophos
1046 1571 1077 1634 vi

177 1681 214 1724 rt«.
224 1661 295 1726 Deo
318 1657 387 1720 solo
404 1671 535 1739 accepta
558 1653 733 1718 necessario
757 1675 855 1730 sunt,
877 1659 936 1722 nisi
959 1660 1079 1747 abipso

159 1747 251 1813 ,Deo
272 1749 301 1811 in
323 1743 452 1810 nihilum
472 1743 661 1828 redigantur,
682 1741 918 1826 Quaecumque
937 1750 1080 1813 mutatio·

157 1859 231 1902 ·-ues
245 1859 286 1903 ert
300 1850 430 1898 naturae
440 1830 558 1917 iegibus
572 1831 608 1890 iis
620 1833 828 1908 conveniant,
842 1855 901 1898 eae
914 1835 1080 1902 dumtaxat
1111 1879 1112 1910 r

176 1945 254 1988 sunt
267 1917 502 1990 accidentales.
525 1917 594 1980 nti
612 1923 881 1994 conservationem
900 1945 972 1988 esse
990 1928 1081 1991 retu.

177 2013 200 2074 ti
225 2028 409 2100 perpetuant
437 2007 609 2093 quamdam
636 2008 851 2084 creationem,
876 2013 1080 2078 contenoirnt
1111 2039 1112 2088 r

146 2105 148 2108 ’
175 2101 277 2172 adeo,
295 2117 331 2162 ut
354 2093 643 2185 quemadmodum,
662 2097 913 2176 Deo‘volente,
935 2101 968 2162 vi
988 2101 1079 2167 huius
1111 2131 1112 2136 ¹

177 2189 350 2254 voluntatis
377 2198 437 2248 res·
451 2183 624 2248 extiterunt
642 2227 652 2260 ,
672 2185 719 2246 ita
741 2186 878 2252 eiusdem
907 2190 1082 2256 voluntaris
1111 2259 1112 2274 ,

176 2276 408 2367 perseverantis
422 2269 557 2337 efficacia
571 2293 640 2337 etse
654 2294 796 2358 uergant.
813 2277 893 2338 Sunt
906 2278 996 2340 etiarn
1009 2279 1082 2360 atii,

176 2370 310 2453 quinon
333 2365 530 2425 voluntatem
557 2359 614 2424 Dei
636 2362 732 2423 solam
755 2363 939 2429 existentiae
959 2384 993 2428 et
1012 2367 1082 2432 du-

177 2455 307 2519 rationis
333 2473 435 2516 return
462 2465 587 2511 causant
613 2449 809 2534 agnoscunt;
838 2453 892 2516 sed
916 2472 1081 2536 praeterea

177 2545 342 2630 defluxum
359 2537 528 2624 quemdam
548 2538 604 2602 Dei
627 2557 785 2602 creaturas
805 2562 873 2618 esse
894 2541 1081 2624 adfirmant,

177 2635 268 2696 cuius
285 2631 315 2691 tri
329 2643 567 2691 conservantur.
593 2624 628 2687 In
653 2649 683 2689 te
700 2645 762 2690 tarn
788 2627 933 2693 abstrusa
953 2629 1017 2696 hae
1039 2656 1082 2696 o-

77 2729 79 2734 ’
177 2728 264 2785 r'nnes
287 2712 550 2780 sententiaesuas
575 2713 690 2778 habent
716 2711 938 2795 difficultates,
964 2723 1083 2806 quibus

177 2830 242 2870 aton
260 2806 301 2866 ita
315 2801 403 2866 facile
416 2819 447 2864 et
462 2821 606 2865 accurate
622 2804 742 2864 satistit.
764 2803 829 2881 Qui
844 2806 951 2870 Deum
966 2809 1085 2876 volunt

152 2920 160 2926 ··
175 2889 378 2958 stabilitatem
401 2889 579 2952 substantiis
597 2890 765 2966 indidisse,
783 2914 844 2954 nnn
862 2915 996 2978 possunt
1016 2898 1088 2961 ad-

152 2983 323 3064 equare,
346 2975 591 3064 substantiarum
617 2990 760 3044 naturam
788 2979 845 3044 sibi
872 2982 1088 3072 perspectam
