2258 3428
236 249 319 296 rans
341 247 367 292 r.
393 247 551 294 toorcnt.
575 247 651 296 ont.
676 246 733 294 ιιι.
842 225 901 313 105'

61 317 229 384 ficationes
241 363 252 397 ,
277 333 309 384 et
327 317 470 384 eiusdem
491 319 533 384 rei
555 315 679 386 diversa
702 319 789 407 sigua
815 337 907 384 cous·

64 408 238 472 mmmmm

113 491 177 561 Ill.
223 495 329 560 Animi
362 495 461 563 nostri
492 492 698 584 cogitationes
732 517 769 562 ac
799 513 905 561 sensus

69 603 168 665 voce,
186 583 346 670 scriptura
365 603 402 650 et
423 601 512 674 gestu
530 586 738 670 exprimimus.
754 579 825 650 Vox
844 583 911 650 de-'

67 672 141 739 liniri
171 674 276 739 solet:
298 690 397 738 sonus
419 671 622 740 articulatus
637 675 680 740 ab
694 675 816 739 homine
827 693 907 762 pro·

63 758 158 828 latus
182 761 235 827 ad
248 761 481 849 reprimendas
496 767 645 830 atrimico
669 767 820 832 iratiores
836 766 909 827 ins-

62 854 201 916 titutus.
240 849 368 914 Dicitur
400 873 496 916 sonus
533 784 758 930 articulatus,
787 849 907 930 idest,

63 960 124 1025 per
141 937 286 1028 syllabas
301 938 392 1030 quasi
407 960 461 1025 per
474 941 622 1007 articulus
650 940 839 1016 distinctus,
870 956 906 1002 ut

64 1047 83 1090 a
121 1025 269 1101 confusis
300 1025 477 1091 belluarum
509 1027 646 1092 ’vocibus
671 1049 702 1090 r.
730 1047 761 1114 g.
788 1027 910 1114 mugitu

4 1147 5 1150 ¹
64 1113 218 1194 bovum,
246 1114 360 1180 ballatu
391 1117 523 1196 ovium,
552 1118 667 1182 latratu
695 1137 807 1181 cauum
845 1131 908 1180 cet.

69 1202 279 1272 discernatur.
300 1205 439 1270 Additur
468 1204 518 1271 ad
540 1205 773 1294 exprimendas
799 1205 912 1269 amimi

69 1289 288 1380 cogitationes
313 1295 516 1372 institutus„
543 1311 578 1359 ut
604 1314 622 1358 a
646 1294 777 1358 vocibus
802 1294 910 1380 psitta-

67 1402 184 1446 corum
220 1382 270 1448 vel
303 1384 442 1466 picarum
475 1383 631 1448 vocabula
658 1403 776 1450 temere
804 1379 912 1446 effun-

70 1469 215 1535 dentium
253 1489 445 1536 secernatur.
483 1473 645 1560 Scriptura
675 1472 781 1558 aliquo
813 1469 910 1534 modo

70 1563 212 1645 pertinet
243 1557 286 1623 ad
308 1581 421 1639 voces,
441 1580 572 1644 quarum
592 1560 676 1625 vices
697 1561 794 1644 gerit,
810 1581 844 1622 ea
871 1579 910 1624 ue

74 1665 125 1710 est
162 1645 365 1738 hieroglifica
378 1697 389 1728 ,
420 1668 475 1719 aut
501 1648 661 1738 vulgaris.
687 1580 913 1733 Hiaroglr'llca

79 1749 149 1798 est:
174 1739 280 1824 imago
303 1737 469 1824 quaedam
491 1735 653 1803 sensibilis
675 1756 743 1802 rem
762 1733 914 1820 aliquam

76 1825 175 1906 prius
202 1824 412 1912 significans,
445 1845 544 1914 quam
578 1847 690 1892 uocem.
730 1825 779 1889 Sic
815 1822 913 1885 oculo

81 1907 114 1971 in
145 1913 340 1980 extremitate
370 1915 473 1978 baculi
506 1913 613 2002 posito
641 1913 700 1980 Dei
738 1910 915 2002 providen-

78 1996 154 2070 tiam
187 1999 360 2094 significant
381 2001 545 2109 Aegyptii,
574 2005 732 2090 Scriptura
763 1999 913 2091 vttlgarit

76 2104 146 2152 este
164 2086 285 2178 figura
310 2091 501 2169 sensibilis,
531 2107 724 2180 permanens
760 2109 913 2180 vocesque

70 2180 173 2263 prius
205 2177 418 2268 significant,
457 2202 556 2269 quam
585 2201 637 2245 res
660 2181 751 2268 ipsas
780 2176 917 2242 velme-

76 2259 288 2333 rum'ideas.
318 2269 434 2336 Genus
465 2287 529 2334 est:
554 2272 656 2335 totius
685 2271 828 2354 corporis
865 2263 919 2332 vel

67 2357 227 2442 partium
252 2360 357 2445 ipsius
382 2355 546 2422 sensibilis
571 2372 677 2421 ntotus
691 2401 700 2434 ,
731 2357 834 2419 animi
863 2377 919 2418 co-

69 2447 280 2529 gitationes,
298 2467 337 2508 ac
350 2448 552 2530 potissimam
566 2441 705 2534 affeceris
721 2445 921 2539 exprimens.

78 2529 172 2593 Nam
196 2532 257 2596 non
290 2532 391 2596 solum
419 2555 494 2611 ote,
521 2533 575 2597 sed
600 2534 720 2610 oculis,
746 2553 824 2596 naso
853 2552 919 2596 ma·
1021 2556 1028 2568 ·

3 2639 4 2706 }
78 2615 196 2696 nibus,
220 2623 366 2708 corporis
393 2622 476 2699 situ,
503 2620 687 2687 habitudine
712 2639 774 2687 cet.
811 2621 920 2708 loqui-

2 2707 8 2856 p
80 2727 180 2782 mur,
203 2726 237 2772 ut
260 2710 305 2773 ita
332 2709 432 2774 dicam
446 2757 455 2787 ‚
483 2709 638 2797 animique
665 2712 763 2774 nostri
789 2709 919 2776 affectus

77 2815 324 2884 consequuntur
354 2799 537 2866 naturaliter
566 2818 668 2864 motus
695 2798 822 2886 quidam
848 2821 919 2864 sen·

3 2879 5 2892 ¹
77 2881 238 2950 sibiles‘in
264 2885 406 2972 partibus
433 2888 584 2976 organicis
608 2887 764 2976 corporis.
787 2887 835 2952 Sic
860 2879 938 2951 do·‘

78 2972 185 3038 lorern
212 2974 346 3062 gentitus
375 2992 406 3041 et
436 2978 564 3063 suspiria
589 2997 682 3063 saepe
714 2984 921 3061 consequun-
