2326 3438
225 155 292 240 264
471 169 664 223 susurrum
686 171 817 223 antuus.

224 245 311 326 mis,
343 265 422 334 quas
444 247 568 311 occasio
586 265 681 333 atque
705 242 853 334 educatio
883 261 1084 330 saepesae-

223 336 297 422 pius
324 357 387 398 non
410 333 546 401 liberalis
572 334 828 421 suppeditarunt.
855 331 925 398 Vbi
955 331 1085 396 infans

222 423 343 489 iuuenis
362 421 487 504 sactus,
516 424 555 488 ad
572 425 654 486 iilam
676 422 818 508 pervenit
835 437 973 485 aetatem
989 445 1009 483 s·
1044 421 1085 486 in

222 531 286 596 qua
302 511 347 575 uti
364 529 470 598 potest
488 513 612 598 propria
631 513 750 576 ratione
769 558 778 584 ‚
807 508 980 596 acquisitas
999 508 1085 576 iam

222 595 326 663 babet
351 599 528 664 innumeras
554 600 662 676 ideas3
693 599 748 665 sed
773 602 803 664 in
831 597 888 661 hac
915 597 1082 663 idearum

223 684 380 776 sartagine
406 689 500 775 gquis
537 709 658 753 errores
678 685 890 754 numerabit?
920 683 1080 754 Difficile

223 777 397 840 admodum
423 777 538 841 bomini
560 797 608 844 est
621 825 632 856 ,
661 775 738 854 illud
761 777 871 840 falsum
893 777 1074 857 suspicari,
1154 828 1156 861 p

222 863 313 948 quod
339 887 395 952 per
426 867 557 954 longum
585 886 709 954 tempus
736 887 795 952 pro
825 883 900 929 vero
928 862 1069 929 habuit.

206 951 311 1016 ‘Hinc
347 974 433 1019 mens
464 955 581 1018 tirmior
600 975 650 1018 ert
677 951 752 1018 ideis
783 953 862 1018 maie
891 953 1069 1038 conceptis

221 1042 507 1128 praeiudicatisque
524 1041 723 1129 opinionibus
737 1063 847 1127 parum
862 1041 959 1104 firmas
975 1062 1066 1104 cott-

222 1131 381 1196 clusiones
398 1129 535 1196 deducit.
570 1131 651 1193 Hinc
668 1129 762 1210 aliqui
785 1129 924 1194 homines
947 1131 1063 1192 senio·

221 1237 271 1284 ret
296 1215 370 1284 facti
395 1220 445 1281 vix
468 1240 618 1305 umquam
642 1216 683 1283 de
705 1221 770 1281 uiia
792 1241 825 1284 re
849 1215 1060 1284 dubitarunt.

221 1303 360 1371 Haecin
382 1327 475 1372 causa
496 1325 594 1386 sunt,
625 1327 682 1372 cur
703 1305 846 1371 homines
865 1304 906 1371 ab
926 1307 1064 1390 opinio·
1156 1312 1157 1360 ἒ

220 1391 315 1460 nibus
333 1397 430 1482 vulgo
453 1394 587 1482 receptis
610 1417 681 1460 raro
696 1394 870 1460 admodum
889 1395 1058 1460 recedant:

221 1477 294 1548 hinc
320 1482 357 1548 stt
379 1501 414 1549 ut
443 1483 521 1551 illud
547 1505 662 1562 omne,
692 1482 782 1573 quod
808 1503 928 1548 novum
950 1488 1063 1568 appas
1146 1481 1157 1498 “

221 1590 296 1652 tet,
327 1594 344 1638 a
372 1572 477 1654 multis
503 1571 587 1638 reiici
611 1571 735 1650 soleat,
763 1588 901 1658 ecquae
925 1571 1060 1642 iuvenes

224 1657 387 1740 didicere,
411 1661 512 1726 nolint
536 1681 623 1726 senes
646 1660 807 1747 perdenda
832 1659 931 1725 fateri.
960 1659 1062 1726 Siler·

225 1767 314 1814 rotes
337 1747 437 1814 nostri
466 1749 507 1814 ad
528 1748 773 1814 demonstratam
799 1750 949 1838 originem
973 1745 1061 1814 refe&

223 1855 359 1912 tantur,
389 1834 458 1899 iilos
482 1833 545 1902 fere
569 1857 678 1904 omnes
698 1859 761 1902 una
782 1835 955 1923 eademque
978 1858 1061 1903 cau·

223 1941 257 1990 ta
282 1923 436 1988 contineri
464 1924 590 1990 evidens
615 1942 670 1989 est.
702 1925 759 1990 Ex·
781 1919 950 2014 boc‘ipso'
970 1924 1059 1992 idea·

225 2029 293 2077 tum
322 2009 398 2074 vitio
420 2031 592 2078 nascuntur
615 2014 709 2078 etiam
733 2033 883 2087 errores,
911 2013 964 2098 qui
990 2014 1063 2102 ani7

221 2099 263 2164 mi
289 2095 576 2165 affectibustribui
604 2100 719 2168 solent.
753 2101 897 2172 Virtutis
924 2102 1060 2168 notione·

221 2187 471 2275 perversissimos
492 2210 622 2274 quoque
644 2189 777 2256 affectus
793 2189 1054 2270 cohonestantu's‘,

222 2295 321 2362 atque
342 2297 380 2340 et
404 2275 458 2341 illo
481 2277 622 2341 idearum
649 2277 752 2344 abusu
767 2277 992 2367 persaepe'fit',
1017 2291 1056 2346 ut‘.

222 2366 433 2450 nosmetipsos
464 2364 674 2442 seducamus,
707 2385 739 2432 et
771 2366 918 2434 affectum
954 2367 1056 2454 impe]-

222 2470 260 2518 ιιι
286 2451 344 2515 sub
371 2448 447 2515 falsa
474 2455 568 2516 etiam
592 2451 670 2517 boni
694 2455 800 2541 specie
826 2455 998 2544 rapiamur.
1022 2453 1056 2522 I'·

222 2556 321 2626 taque
338 2553 449 2622 patet,
480 2542 631 2607 notiones
645 2563 739 2629 vagas
762 2561 793 2628 et
816 2559 881 2630 non
904 2545 976 2608 satis
997 2543 1054 2611 de'·

221 2625 402 2694 terminatas
427 2627 501 2716 ipsis
524 2651 654 2715 quoque
680 2628 775 2694 animi
803 2629 1054 2710 affectibus,'u‘t

220 2715 418 2803 plurimum,
451 2715 624 2780 anteriores
651 2738 730 2781 csse.
760 2718 854 2797 Quae
884 2741 984 2804 quum
1010 2715 1054 2786 it‘a

189 2836 191 2842 ·
221 2804 308 2874 einr,
337 2817 441 2864 totum
458 2803 569 2867 erroris
583 2805 769 2885 artificium,
800 2807 926 2893 cognita
945 2829 1053 2888 causa,

221 2885 344 2956 facilius
359 2887 594 2992 dissipabitur,
619 2891 647 2960 si
670 2913 787 2986 nempe
807 2909 865 2962 ‘eae
886 2913 1053 2972 terrentur
