2264 3420
217 115 266 198 64·
428 132 449 147 ··
480 129 671 182 rnrrrrvn.
697 130 829 182 narres.

218 206 255 270 fir
270 216 477 294 permotum,
494 221 531 270 nt
544 203 746 271 manifestum
760 223 807 272 est
819 207 849 269 ln
860 201 1070 282 sensatioribus

217 293 359 382 singulis.
374 291 543 360 Videlicet
559 296 696 360 sensario
707 295 777 358 soni
789 315 842 380 per
856 312 975 358 morum
986 293 1071 356 vibra·

217 383 334 447 torium
358 381 585 468 particularum
612 383 693 448 adris
715 384 801 450 nervi
829 382 959 448 acostici
984 380 1072 444 librilir
1098 401 1099 408 ¹

217 471 508 534 communicarunt.-
532 470 671 536 sensatio
686 471 797 536 odoris
812 491 867 558 per
882 470 1073 558 corpusculo·

217 577 290 622 rum
306 556 435 623 effluvia
448 559 536 623 nervi
551 557 709 624 olfactorii
723 559 815 624 fibras
831 560 996 648 agitantiar
1017 577 1070 622 sen

215 645 299 712 satio
313 645 433 733 saporis
449 669 508 733 per
519 647 713 734 corpuscula
725 647 850 736 linguae
866 648 1002 736 papillas
1015 666 1068 717 ner·

215 755 355 819 reasque
371 732 499 801 fibrillas
514 736 673 802 titillantia
694 736 745 820 vel
758 737 954 826 pungentia:
984 754 1067 800 senar-

214 825 262 890 tio
278 822 403 889 visionis
425 843 481 910 pet
508 824 629 889 luminis
649 823 759 889 radios
785 824 818 888 in
846 822 1067 890 terina-collec-

214 929 287 979 tosr
306 912 442 982 tentatio
459 929 566 978 tactus
582 933 637 1000 per
648 911 862 978 immediatum
877 927 1050 978 contactum.

284 999 449 1067 Praeterea
472 1022 568 1066 nemo
590 1017 658 1079 est,
679 1002 735 1088 qui
757 1001 876 1066 nesciat
891 1021 948 1068 aut
965 996 1063 1088 propria

217 1105 273 1156 sut
289 1090 386 1154 aliena
403 1090 615 1176 experientia,
631 1110 669 1154 ex
689 1089 922 1156 sensationibns
947 1087 1065 1153 variosir

215 1199 353 1268 corpore
365 1194 469 1242 moros
485 1199 639 1266 persaepe
652 1177 726 1242 oriri
741 1178 883 1242 eriam'in
897 1173 1066 1267 parribusab

215 1289 337 1356 organo
353 1267 494 1331 sensorio
513 1267 650 1348 maxime
665 1266 818 1345 remotis,
832 1289 898 1331 non
916 1267 1014 1331 solunt
1030 1264 1066 1326 io·

215 1357 363 1420 eonsulra
375 1354 495 1433 anima,
508 1377 616 1420 verum
628 1355 759 1440 prorsus
771 1353 949 1420 invita-Ita
963 1355 1064 1420 doner

217 1442 345 1532 fragore
360 1445 496 1509 tonitrus
511 1445 562 1510 vel
574 1443 722 1509 tormenti
740 1441 865 1532 bellici,
885 1467 926 1510 ex
942 1463 1004 1533 quo
1014 1434 1068 1504 nihil

218 1533 312 1598 nobis
327 1531 501 1598 timendum
517 1554 582 1598 esse
599 1551 688 1598 certo
703 1533 847 1597 novimus
863 1550 915 1595 ant
932 1545 1067 1620 putamus,

218 1622 308 1687 inviti
322 1622 353 1686 in
368 1637 521 1688 terrorem
536 1621 739 1695 coniicimut,
756 1640 789 1686 et
810 1623 883 1684 varii
901 1621 931 1684 in
953 1635 1066 1706 corpore

217 1726 293 1773 toto
315 1727 554 1798 consequuntur
576 1725 691 1782 motus.
717 1709 767 1774 Ex
793 1707 917 1796 fragore
944 1708 1029 1798 igitur
1044 1705 1066 1764 io
1098 1735 1099 1738 κ

217 1819 308 1864 aures
319 1798 473 1863 incidente
487 1801 629 1864 nascitnc
644 1814 749 1860 motus
761 1812 953 1886 organorum
974 1811 1068 1880 corpo·

218 1887 273 1952 ris.
290 1885 417 1962 Verum
432 1888 589 1950 anatomia
608 1884 728 1964 docet,
746 1907 785 1950 ex
801 1887 924 1974 organis
945 1879 1069 1950 sensoriir

219 1993 333 2042 nervos
343 1973 386 2040 ad
399 1975 561 2040 cerebrum
577 1997 677 2060 usque
691 1974 895 2062 protendi,et
910 1997 949 2040 ex
960 1969 1068 2038 cerebro

121 2105 123 2108 -
217 2063 261 2126 ad
279 2063 413 2150 singulas
428 2067 571 2149 corporis
590 2079 695 2152 partes
712 2062 845 2146 produci
860 2085 970 2126 nervos
984 2075 1070 2124 moro·

221 2150 286 2215 rios
294 2199 304 2230 ,
320 2153 386 2218 sine
400 2151 512 2238 quibus
526 2170 631 2218 morus
645 2151 753 2238 perfici
767 2167 935 2238 nequeunt.
950 2151 1069 2216 Necesse

221 2259 270 2307 est
281 2237 393 2330 igitur,
410 2259 446 2305 ut
458 2259 581 2319 motus,
599 2239 654 2327 qui
668 2241 768 2315 nervis
781 2241 924 2305 censoriis
941 2231 1070 2325 imprimi·

220 2347 296 2410 tur,
320 2346 459 2397 transeat
481 2330 513 2392 in
535 2349 648 2394 nervos
670 2331 847 2404 motorios,
876 2349 1007 2415 quornm
1022 2339 1068 2407 opt

222 2436 391 2502 moventur
411 2417 562 2495 musculi3
584 2416 782 2505 proindeque
797 2435 946 2502 oportet,
961 2435 997 2480 ur
1013 2429 1068 2474 mo·

223 2525 277 2571 tus
293 2507 394 2572 nervis
411 2508 554 2572 censoriis
571 2505 739 2594 impressus
757 2505 798 2569 ad
812 2504 973 2576 cerebrum
990 2515 1067 2584 nsque

197 2629 199 2637 ·
213 2611 445 2682 propagetur,
468 2613 501 2660 et
515 2597 545 2658 in
559 2593 618 2658 hac
634 2595 793 2662 communi
816 2613 982 2659 nervorum
997 2584 1068 2674 origi·

223 2703 262 2748 ne
277 2682 319 2744 ad
341 2686 493 2747 motorios
511 2681 689 2750 derivetur.

290 2769 385 2834 Prob.
406 2792 437 2834 2.
454 2791 536 2856 pars.
562 2767 602 2834 In
625 2792 660 2834 ea
675 2768 741 2835 sola
755 2769 1070 2858 eorporis'partepw·

215 2853 329 2921 ¹babile
344 2875 391 2921 est
407 2902 416 2935 ,
442 2857 576 2921 animam
594 2857 752 2935 residere,
775 2879 858 2946 quse
874 2861 941 2923 sola
956 2849 1074 2942 corporis

214 2965 300 3030 apars
324 2961 398 3018 est,
421 2944 451 3006 in
477 2965 571 3028 quam
597 2945 698 3009 anima
727 2945 905 3012 immediate
932 2956 1075 3033 operaturl

216 3032 315 3119 ‚atqui
331 3031 431 3096 anima
453 3032 631 3100 immediate
657 3033 721 3122 agit
741 3033 775 3100 in
794 3034 898 3102 solnm
920 3033 1075 3114 couno·
