2258 3428
265 159 345 208 utus
370 159 397 206 ι.
425 157 577 208 tociens.
602 161 679 208 cnr.
707 161 749 208 ιι.
885 169 930 236 99

78 230 119 294 'tn‘
135 241 232 294 tensa
232 227 380 312 formali
392 246 427 296 et
441 228 660 318 metaphysico
674 275 684 309 ,
700 232 746 296 N.
761 231 832 296 mai.
847 231 930 304 Hinc

83 336 233 384 accurate
260 319 408 406 distingui
427 336 556 405 oportet
573 337 698 384 sentum
715 319 852 400 realem,
869 345 928 390 ac-

85 409 203 472 tualem
228 425 261 474 et
289 409 463 495 physicum
490 427 508 472 a
536 427 628 472 sensu
656 405 777 476 formali
798 427 831 476 et
856 435 928 479 me·

88 495 270 585 taphysico.
296 499 414 562 Sensus
442 495 533 560 realis
556 514 587 562 et
614 495 768 586 physicus
794 499 848 565 ille
869 520 930 582 est,

87 587 136 672 qui
179 585 297 672 recipit
337 606 424 660 tem,
461 600 500 646 ut
523 602 613 648 extra
643 605 778 654 mentem
811 589 930 668 existit3

82 690 193 756 sensus
216 671 359 737 formalis
382 690 413 738 et
439 671 674 762 metaphysicus
705 691 753 743 est
781 673 853 754 ille,
876 679 932 764 qui

80 764 216 852 respicit
235 781 329 838 rem,
357 776 394 825 ut
420 760 452 824 iu
482 779 586 828 mente
611 779 719 828 nostra
742 785 931 851 repraesen-

80 869 172 916 tatur
196 870 258 936 pet
284 849 386 916 ideam
412 846 602 914 abstractam
632 869 685 914 seu
718 853 928 936 praecisivam.

79 939 125 1004 Et
143 939 280 1027 quidem
296 937 504 1004 misericordia
517 957 549 1004 et
565 937 684 1003 iustitia
700 937 760 1006 Dei
778 961 841 1004 non
857 959 929 1008 sunt

81 1029 168 1116 quid
191 1047 313 1106 unum,
333 1044 367 1092 et
388 1024 472 1090 idem
498 1028 528 1092 iu
556 1047 648 1092 sensu
672 1023 793 1095 formali
815 1045 847 1096 ct
870 1051 930 1098 me·

85 1114 288 1206 laphysico,
316 1115 390 1203 quia
416 1114 486 1179 idea
512 1114 744 1186 misericordiae
773 1115 931 1184 abstracta
1010 1173 1012 1182 ,

85 1226 156 1269 non
192 1221 242 1270 est
278 1201 348 1268 idea
386 1201 545 1281 iustitiae,
574 1203 661 1270 etin
688 1205 761 1272 Deo
788 1206 859 1294 ipso
885 1225 932 1274 est

23 1307 27 1314 '
85 1295 174 1360 reale
214 1289 452 1383 fundamentum
491 1293 559 1355 duo
598 1292 650 1358 illa
686 1294 836 1361 attributa
872 1317 930 1384 pet

84 1400 229 1448 mentem
252 1378 480 1468 distinguendi.
506 1379 566 1446 Sed
589 1381 619 1448 in
642 1402 734 1450 sensu
757 1385 848 1462 reali,
872 1407 930 1448 ac·

85 1472 168 1536 titali
208 1481 241 1536 et
268 1470 443 1548 identico,
484 1468 698 1534 misericordia
742 1491 773 1536 et
815 1473 932 1540 iustitia

90 1560 158 1625 Dei
189 1577 263 1624 sunt
288 1578 385 1623 unum
418 1575 450 1622 et
490 1555 596 1635 idem,
634 1556 709 1644 quia
743 1575 818 1622 sunt
851 1560 933 1646 ipse-

93 1663 160 1712 met
185 1645 275 1712 Deus
299 1643 496 1724 misericors,
522 1663 553 1713 et
584 1648 710 1726 iustus,
746 1663 779 1712 et
811 1646 936 1736 simpli.

96 1753 257 1801 cresimus.

167 1822 289 1888 Obiect.
314 1845 348 1914 3.
368 1825 398 1888 Si
421 1821 536 1912 gradus
560 1821 774 1912 metaphysiei
794 1821 884 1888 unius
900 1838 934 1890 et

91 1911 246 2001 simplicis
269 1914 421 1980 essentiae
441 1933 495 1997 per
519 1930 655 1977 mentem
675 1929 798 1978 tantum
816 1913 933 1978 distin-

90 2017 258 2093 guuntur,
280 2003 365 2067 idem
392 2001 481 2066 simul
500 1999 649 2088 cognosci
664 2017 790 2087 potest,
815 2018 847 2068 et
867 2023 933 2066 nou

89 2091 272 2179 cognosci;
297 2091 360 2155 hoc
381 2087 554 2155 absurdum
580 2106 654 2165 est;
681 2109 757 2174 ergo
784 2105 817 2154 et
840 2088 933 2153 illud.

89 2177 195 2266 Resp.
219 2179 292 2244 dist.
317 2178 390 2244 mal.
415 2179 499 2242 idem
524 2178 614 2240 simul
636 2175 788 2262 cognosci
815 2194 934 2262 potest,

90 2285 126 2337 et
149 2290 216 2334 nou
243 2268 394 2355 cognosci
419 2265 478 2331 sub
502 2263 625 2330 diversa
650 2265 772 2328 ratione
795 2265 935 2344 virtuali,

88 2360 134 2423 C.
165 2403 175 2434 ‚
202 2355 264 2420 sub
288 2357 418 2434 eadem,
445 2355 491 2418 N.
516 2354 588 2416 mai.
618 2351 776 2417 Nonnulli
807 2355 936 2440 quidem
1021 2409 1022 2414 ,

91 2445 213 2534 gradus
229 2446 297 2510 sine
314 2445 383 2508 aliis
399 2441 529 2530 concipi
545 2463 608 2506 uon
623 2456 758 2526 possunt
772 2441 937 2528 adaequa-

92 2555 131 2599 te
142 2533 221 2609 ,sed
231 2533 443 2616 -i'nadaequate
458 2548 590 2596 tantum.
609 2531 660 2594 Sic
675 2529 850 2594 humanitas
866 2552 938 2619 cog·

96 2619 191 2686 nosci
213 2643 275 2686 non
301 2639 408 2710 potest
429 2620 497 2687 sine
519 2619 752 2696 rationalitate,
777 2637 872 2706 quam
893 2622 939 2684 in·

97 2697 222 2785 cludit3
242 2709 297 2776 sed
320 2709 494 2774 animalitas
515 2704 660 2772 distincte
682 2705 810 2794 concipi
832 2727 940 2794 potest

93 2801 163 2864 sine
178 2798 414 2874 rationalitate3
432 2796 606 2862 animalitas
621 2797 703 2862 enim
718 2813 784 2858 non
805 2793 940 2864 includit
1008 2880 1010 2884 .

101 2886 280 2955 formaliter
303 2886 570 3036 rationalitatem.C
602 2920 623 2938 ,-

522 2993 524 2999 ⁴
561 3000 575 3034 τ
599 2991 618 3036 2
