2270 3416
161 157 224 226 134
435 155 621 202 lustrate.
649 155 784 201 snttsos.

157 247 203 292 est
222 221 385 312 responsio
402 225 514 289 adalia
529 224 662 310 piurima
681 247 705 290 s.
720 224 891 310 scripturae
906 223 1064 291 testimo·

159 319 206 381 nia
224 362 234 391 ‚
267 335 349 400 qnae
381 313 532 397 peccandi
563 315 780 377 necessitatem
811 313 976 398 imponere
1010 313 1065 376 vi-

160 404 283 468 dentur.
302 403 360 468 Sed
374 400 571 466 obiectiones
588 401 659 466 iliae
675 401 716 467 ad
730 422 847 464 sacram
863 401 1065 488 theologiam

159 489 346 580 pertinent,
373 509 490 572 easque
518 486 656 554 breviter
683 487 821 576 attigisse
846 489 916 552 satis
942 489 994 552 sit.

121 572 124 582 '
227 579 353 644 (Mirer.
372 599 400 640 2.
420 577 564 642 Hominis
586 577 711 640 libertas
728 598 800 640 cunt
819 576 929 640 divina
946 598 1064 663 praes-

161 665 277 730 cientia
300 665 480 749 divinisque
507 665 641 730 decretis
665 664 825 729 conciliari
850 687 913 728 non
939 683 1061 750 potest;

163 777 238 840 ergo
255 753 355 818 anima
370 753 467 819 libera
476 775 546 832 ‚non
562 772 620 818 est.
634 751 730 817 Prob.
748 773 811 817 ant.
829 753 921 829 Quae
941 775 959 818 a
978 753 1061 831 Deo,

162 845 214 925 qni
236 863 336 907 errare
352 863 415 904 non
439 857 569 928 potest,
587 842 740 926 praescita
761 857 816 904 aut
832 842 961 906 decreta
978 859 1061 919 snnt,

162 930 340 1006 necessario
361 930 464 1005 fiunt;
487 950 569 1014 qnae
592 943 667 994 vero
693 929 787 994 libera
811 950 903 1008 sunt,
928 945 1060 1016 possunt

163 1039 333 1094 noneste,
356 1017 493 1104 ideoque
509 1039 572 1080 non
594 1019 671 1082 fiunt
688 1020 878 1094 necessario,
900 1041 978 1104 ergo
999 1016 1060 1079 ho-

165 1107 255 1172 minis
281 1107 405 1171 libertas
429 1127 502 1170 cum
525 1107 629 1170 divina
652 1105 857 1192 praescientia
884 1105 1064 1190 divinisque

164 1195 298 1260 decretis
310 1194 468 1258 conciliari
486 1215 547 1256 non
565 1211 682 1278 potest.
700 1194 797 1280 Resp.
814 1213 845 1259 et
863 1193 988 1260 ratione
1003 1197 1062 1260 de-

165 1283 357 1360 monstrati,
379 1300 411 1347 et
433 1281 492 1346 tide
515 1280 720 1346 certissimum
743 1303 830 1358 esse,
852 1281 943 1367 qnod
969 1281 1062 1346 homo

165 1371 206 1435 sit
229 1371 328 1446 libet,
356 1386 386 1456 et
407 1371 498 1456 quod
515 1370 601 1434 Deus
624 1372 727 1434 omnia
744 1369 848 1436 fotura
870 1369 913 1434 ab,
932 1389 1062 1435 aeterno

166 1460 334 1547 praesciat.
348 1458 556 1546 Qnapropter
573 1458 769 1524 etiamsinon
795 1480 960 1546 possemus
983 1459 1065 1526 clare

166 1549 335 1612 conciliate
371 1567 539 1634 utrumque
575 1547 720 1634 dogma,
757 1565 926 1630 utrumque
960 1565 1064 1613 tamen

168 1636 281 1700 fimiter
309 1634 487 1702 tenendum,
503 1652 574 1711 est,
600 1649 705 1724 neque
732 1630 815 1700 enim
851 1633 924 1700 ideo
951 1639 1068 1723 negari

168 1723 288 1801 debet,
321 1724 411 1811 quod
439 1737 591 1809 apertum
621 1719 700 1800 est5
735 1727 815 1812 quia
841 1722 1068 1810 comprehendi

168 1834 229 1878 non
253 1827 387 1898 potest,
411 1809 502 1898 qnod
520 1809 680 1876 oecultum
707 1827 781 1889 est,
811 1830 846 1876 ut
873 1810 1014 1897 loquitur
1036 1813 1065 1875 S.

100 1903 106 1917 ⁸
168 1901 306 1988 August.
331 1901 388 1964 tit.
404 1897 446 1964 de
468 1899 547 1963 dono
560 1893 822 1984 perseverantiae
844 1920 917 1985 cap.
939 1921 975 1962 a.
995 1897 1066 1964 Ita·

169 2009 234 2074 que
255 1982 358 2052 divina
376 1988 582 2070 praescientia
604 1988 808 2074 divinumque
823 1987 987 2051 decretum
1003 2009 1068 2052 non

171 2077 290 2139 tollunt
312 2073 545 2138 indifferentiam
567 2075 708 2156 activam
724 2076 916 2152 voluntatis,
932 2077 991 2142 sed
1011 2075 1068 2139 ito-

171 2164 245 2232 rnini
273 2164 455 2248 relinquunt
486 2164 659 2248 potentiam
690 2161 730 2228 ad
753 2163 966 2250 oppositum
996 2163 1068 2229 licet

170 2249 267 2316 horno
292 2250 366 2315 nihil
392 2273 541 2334 nmquam
569 2253 710 2316 facturus
736 2251 800 2330 sit,
826 2251 915 2338 quod
940 2251 1068 2318 divinae

171 2342 397 2426 praescientiae
420 2359 473 2404 aut
499 2340 635 2404 decreto
657 2338 769 2402 divino
795 2338 834 2404 sit
856 2341 1067 2404 contrarium.

171 2427 310 2504 Necesse
326 2427 452 2513 quidem
468 2445 530 2504 est,
555 2442 590 2490 ut
614 2425 710 2490 homo
734 2424 821 2492 iaciat
836 2426 952 2511 ,quod
978 2421 1066 2494 Dens

98 2586 101 2590 ,
172 2518 362 2604 praemittite
387 2516 442 2580 sed
470 2515 635 2580 necessitas
661 2516 712 2578 ilia
734 2532 780 2580 est
806 2533 930 2578 tantum
951 2535 1067 2582 conse·

153 2673 155 2676 ¹
172 2625 272 2689 quens
290 2623 319 2668 et
343 2602 573 2691 hypothetica,
597 2623 692 2688 atque
717 2604 745 2664 in
770 2626 865 2668 sensu
882 2608 1069 2686 composito,

172 2708 325 2774 quatenus
347 2692 408 2756 fieti
430 2713 492 2755 nnn
510 2709 633 2776 potest,
650 2709 684 2754 nt
704 2694 913 2778 coniungatur
939 2689 1067 2755 fururo-
1130 2673 1131 2709 ¹

172 2801 241 2842 turn
272 2779 476 2864 praescientia
512 2801 582 2842 cum
624 2779 747 2844 illorum
792 2802 854 2843 non
890 2780 1067 2846 existentis.

172 2865 249 2929 Non
278 2882 453 2932 estensem
477 2868 641 2932 necessitas
669 2863 814 2942 absoluta
831 2885 862 2932 et
878 2869 1069 2933 antecedens

173 2972 267 3036 atque
294 2956 324 3018 in
348 2975 441 3016 sensu
466 2953 579 3018 diviso.
607 2955 691 3019 Nam
714 2953 772 3018 sub
799 2957 1002 3042 praescientia
1024 2957 1069 3020 di·

175 3041 319 3106 rinastat
336 3041 365 3104 in
391 3039 515 3106 homine
539 3044 682 3129 potentia
709 3065 771 3118 non
796 3043 939 3110 eliciendi
965 3063 1071 3109 actum
