2270 3416
139 143 141 150 Ι
346 83 431 132 nans
450 77 492 128 n.
512 79 668 128 nannen-
686 79 763 126 ont.
783 80 813 127 1.
949 81 1013 158 157

10 147 13 154 ⁴
111 149 333 232 immutabilis,
352 151 532 230 immobilis,
546 152 634 238 quod
649 149 779 238 quidem
795 151 930 238 spatium
945 177 1015 224 om.

113 239 196 306 nino
225 260 272 306 ess
308 245 549 328 imaginarium.
575 239 645 304 Hac
670 238 857 304 extensionis
885 245 1014 314 notione

115 327 316 408 abutuntur,
339 332 394 417 qui
409 331 520 394 mentis
537 345 663 394 nostrae
676 323 839 392 facultates
854 347 1015 416 tanquam

114 419 201 484 entia
225 414 347 482 diversa
363 435 450 482 extra
474 439 507 482 se
534 415 665 482 invicem
688 414 849 480 existentia
877 418 932 484 sibi
959 444 1014 486 te·-

114 525 340 593 praesentant,
355 523 385 572 et
415 505 486 572 inde
507 505 722 578 concludunt,
739 520 872 572 mentem
896 507 1014 576 huma-

10 585 16 608 ”
112 614 190 660 nam
216 605 283 660 esse
301 613 480 672 extensam,
497 593 585 678 quod
606 614 699 680 quam
717 591 752 656 sit
769 615 785 656 a
802 595 932 664 veritate
945 597 1015 666 alie·

114 703 195 746 num
216 681 502 748 demonstrasinrus·
521 698 690 746 tractantes
716 681 757 746 de
779 683 898 749 animae
919 687 1015 772 spiri·

115 769 275 837 tualitate.
299 771 477 836 Facultates
492 773 573 834 enim
597 769 707 836 mentis
720 785 844 834 nostrae
859 794 922 837 non
939 790 1014 840 sunt

120 860 219 946 ipsius
244 876 349 946 partes
370 878 457 923 extra
471 879 501 924 se
516 865 647 922 invicem
670 858 856 936 existentes,
873 865 1013 946 quamsit

115 969 177 1036 per
200 945 442 1025 abstractionem
460 946 687 1034 distinguantur
702 946 784 1032 inter¹
801 967 843 1011 se.
860 949 1014 1018 Ceterum

117 1051 229 1120 patet,
244 1035 275 1099 in
298 1057 439 1123 exposita
463 1033 714 1098 leibnitionorum
732 1035 881 1100 sententia
898 1040 1013 1107 nullius

120 1121 244 1188 robotis
259 1144 324 1189 esse
341 1123 534 1209 propositam
555 1122 771 1188 obiectiontm.

182 1209 263 1275 Aliis
293 1213 445 1289 videtur,
463 1212 599 1297 spatium
626 1233 689 1274 non
717 1208 1011 1281 esse‘substantiam

115 1297 274 1386 aliquam,
301 1300 356 1364 sed
374 1322 426 1364 ens
440 1305 620 1388 virgarium
637 1301 699 1364 siue
710 1302 926 1386 privativum,
943 1325 1012 1392 spa·
1049 1379 1057 1392 Ι

119 1388 268 1473 sitimque
289 1389 420 1454 existere
445 1389 573 1464 dicunt,
589 1409 627 1452 eo
655 1384 717 1452 fere
740 1385 857 1465 modo,
873 1413 938 1476 quo
959 1414 1012 1457 ex·

114 1473 268 1542 stitissent
293 1477 456 1552 tenebrae,
485 1476 508 1538 sl
535 1477 621 1540 Deus
642 1476 759 1538 nullam
776 1476 876 1540 lucem
890 1480 1017 1563 produ-·

112 1564 222 1630 xisset.
251 1563 375 1629 Rursus
399 1568 429 1628 in
453 1563 510 1627 lsac
531 1564 680 1651 opinione
693 1565 756 1626 vim
772 1563 887 1628 nullam
910 1563 1009 1636 habe·

115 1674 153 1718 te
180 1667 287 1740 potest
314 1652 462 1718 obiectio.
999 1697 1001 1702 -

179 1741 243 1805 Alii
263 1743 389 1806 tandem
418 1740 601 1818 adfirmant,
624 1739 758 1828 spatium
776 1759 875 1826 perse
892 1740 1009 1812 subsis-

114 1843 201 1907 tere,
228 1847 325 1916 atque
340 1829 418 1894 inter
433 1850 507 1906 eos,
524 1830 624 1914 quiid
641 1829 808 1908 adserunt,
833 1830 1008 1920 aliquipu.

13 1971 16 1976 .
111 1932 202 1995 tant,
216 1917 351 2002 spatium
376 1917 467 1983 fuisse
482 1938 618 1982 creatum
631 1962 641 1995 ,
656 1936 686 1983 et
703 1939 770 1982 esse
784 1925 1008 2005 capacitatem

111 2005 367 2094 recipiendorum
383 2027 554 2088 corporum
563 2030 578 2084 ;
591 2003 852 2070 nonnulli'autem
867 2009 1007 2093 spatium

104 2114 355 2180 quoquoversus
382 2096 534 2158 inlinitum
560 2114 657 2181 atque
684 2099 855 2160 increatum
887 2097 1006 2166 dicunt.

112 2181 214 2261 Quod
228 2181 269 2246 ad
282 2185 408 2268 primam
422 2200 544 2266 spectat
557 2184 714 2268 opinionis
728 2201 863 2268 partem,
876 2185 1006 2262 euidens

112 2289 180 2349 est,
200 2273 319 2336 nullum
342 2273 471 2334 omnino
493 2293 655 2356 superesse
668 2269 835 2336 obiectioni
851 2274 1006 2360 proposi·

113 2375 163 2425 tae
178 2359 293 2427 locum.
312 2359 410 2437 Quod
428 2361 468 2424 ad
485 2360 621 2424 ultimam
641 2378 760 2445 partem
778 2377 919 2443 spectat,
938 2385 1007 2429 eam

114 2469 229 2538 negare
246 2471 282 2512 ac
305 2445 443 2514 refellere
460 2469 590 2535 possem.
602 2448 729 2516 Verum
746 2467 842 2531 quum
859 2469 893 2512 ea
909 2471 926 2514 a
943 2450 1007 2537 phi·

96 2535 239 2624 'Iosophi
246 2558 259 2599 s
275 2535 410 2604 illibatae
426 2538 634 2618 minimaeque
656 2552 819 2621 suspectae
835 2537 906 2602 fidei
930 2562 1008 2625 pro-

116 2645 272 2713 pugnetur
278 2647 293 2701 ,·
308 2625 365 2689 alia
387 2625 457 2688 mihi
473 2626 606 2690 iucunda
622 2643 668 2690 est
689 2629 757 2700 via,
776 2626 851 2690 etin
868 2627 1009 2711 qualibet

46 2785 50 2788 ,
113 2711 333 2800 philosophica
349 2712 519 2814 hypothesi
536 2732 638 2778 totum
656 2735 780 2778 manere
804 2713 1007 2782 demonstra·
1070 2729 1072 2734 '

116 2803 208 2866 tionis
236 2801 351 2879 robur,
368 2804 458 2869 lacile
472 2804 647 2874 ostendam,
661 2801 774 2888 ltaque
791 2801 867 2866 dum
889 2806 919 2867 in
944 2806 1007 2890 pti-

117 2913 167 2956 ma
183 2890 448 2957 demonstratione
463 2899 614 2956 asritatis
632 2893 782 2954 cotionen
795 2890 1007 2973 adhibuimus,

119 2999 179 3066 pet.
197 2999 253 3046 ent
269 3003 291 3045 a
304 3001 338 3046 se
352 2979 553 3068 intelligimus
567 3001 621 3046 ens
637 2980 765 3049 omniuo
779 2979 1006 3065 independens,
