2326 3438
237 180 324 230 mr
346 184 403 232 nr.
430 182 597 234 uomere.
619 182 695 234 cnr.
720 183 765 232 rr.
876 166 940 260 263

92 246 164 327 bus
193 269 301 316 sensus
328 254 452 321 obiecta
482 256 576 344 longe
596 255 688 322 aliter
711 275 749 319 ac
775 268 849 321 sunt
872 279 939 322 no-

99 334 158 402 bis
173 335 325 408 referunt.
352 345 382 408 si
402 341 441 410 de
458 365 631 432 corporum
649 344 864 414 mannitudine
882 367 942 433 pet

100 446 219 492 sensus
243 431 382 498 iudicate
405 435 561 510 velimus,
590 432 770 518 saepissime
796 430 942 501 fallimur.

106 515 261 602 Corpora
287 541 369 586 enim
395 520 598 590 remotissima
627 541 788 608 tamquam
819 523 944 590 minima

105 605 295 687 credimus,
324 609 436 676 eximie
467 612 638 698 perpolitus
666 609 837 676 iudicamus
865 632 945 676 cor-

105 713 228 780 porum
251 700 456 780 superficies,
485 699 516 762 in
538 699 653 785 quibos
667 715 770 766 tamen
785 699 946 786 asperim*

107 796 160 846 tes
184 781 364 858 innumeras
387 787 605 854 demonstrant
622 788 864 874 microscopiae
887 810 946 853 so-

104 867 174 934 ·lem
189 891 290 958 supra
305 875 504 943 horizontem
519 876 710 964 percipimus
723 921 735 956 ,
762 876 945 944 etiamdum

102 955 189 1024 inter
206 961 266 1026 sub
287 961 477 1044 horizonte,
509 966 616 1048 duos,
645 983 733 1043 tres,
764 963 861 1028 immo
881 966 946 1030 ali-

109 1047 244 1132 quando
259 1051 368 1138 plures
385 1054 465 1120 soles
485 1053 642 1118 observati
665 1063 763 1120 tuere.
777 1111 780 1118 .
793 1053 865 1118 Nec
883 1054 947 1119 mi·

105 1151 174 1202 ‘nus
196 1137 227 1202 in
243 1161 378 1208 errorem
394 1163 452 1206 nos
471 1142 628 1208 inducunt
648 1162 757 1208 sensus
774 1139 836 1204 alii.
865 1141 947 1210 Ve-

114 1243 189 1288 rum
201 1225 287 1314 quod
302 1230 344 1296 ad
359 1229 548 1312 sensationes
565 1247 684 1318 spectat
700 1248 886 1316 rectumque
902 1229 947 1294 il-

69 1369 71 1372 .
112 1309 217 1379 larum
240 1337 354 1397 usum,
382 1320 424 1385 ad
446 1317 699 1409 metaphysicam
723 1337 755 1384 et
779 1317 947 1407 physicam

113 1402 264 1488 pertinet.
288 1407 363 1474 Vos
393 1407 558 1476 dumtaxat
580 1407 715 1472 monitos
738 1409 842 1485 volo,
871 1429 948 1474 sen·

114 1486 199 1554 sibus
224 1493 387 1560 fidendum
420 1518 486 1562 non
512 1519 608 1574 esse,
635 1494 692 1559 nisi
721 1511 947 1562 removeantur

115 1597 227 1645 omnes
254 1605 396 1648 errorum
427 1605 554 1652 causae.
583 1585 657 1662 Qua
690 1582 812 1647 ratione
841 1591 959 1648 autem*

115 1668 353 1758 corrigipossit
377 1693 524 1740 sensuum
549 1669 795 1751 testimoninm,
821 1667 855 1734 in
870 1668 948 1734 tiliis

115 1753 337 1846 philosophiae
364 1761 507 1848 partibus
529 1758 728 1826 docebimus.

110 1861 118 1869 “
164 1841 253 1916 VII.
298 1847 451 1928 Quamvis
478 1849 519 1914 ex
543 1848 661 1938 triplici
689 1847 777 1914 fonte
802 1844 951 1913 derivan-

118 1930 179 1998 das
197 1955 264 2000 esse
285 1935 417 2002 dixerim
441 1933 584 2004 errorum
605 1958 744 2014 causas,
775 1957 891 2026 nempe
910 1953 952 2002 et

117 2020 284 2088 inreliectu
301 2068 311 2103 ,
341 2025 508 2092 voluntate
525 2043 556 2092 et
571 2022 828 2102 sensationibus3
860 2025 885 2090 si
903 2041 953 2090 ta·

120 2131 196 2201 rnen
219 2109 285 2176 rem
304 2129 425 2180 attente
449 2112 710 2203 perpendamus,
740 2133 881 2178 errorum
905 2111 953 2178 fe·

122 2219 159 2282 re
171 2201 311 2266 onmium
330 2223 530 2268 communem
545 2202 697 2290 originem
718 2201 906 2286 reperiemus
921 2203 953 2267 in

121 2287 192 2376 ipso
216 2287 403 2371 intellectu,
430 2293 462 2356 in
477 2287 584 2378 'prava
607 2290 722 2355 scilicet
745 2286 953 2353 consuetudi·

123 2398 167 2444 ne
187 2375 226 2442 de
242 2378 277 2444 iis
293 2376 630 2460 rebus'ratiocinandi,
661 2397 794 2466 quarum
810 2375 862 2441 vei
877 2374 953 2439 nul·
1053 2443 1057 2451 ,

123 2463 172 2532 las
199 2466 250 2531 vel
273 2489 367 2556 vagas
394 2467 588 2548 dumtaxat,
617 2487 677 2534 nec
704 2465 777 2530 serit
803 2461 954 2530 determi-

126 2570 218 2620 natas
233 2556 380 2622 notiones
403 2555 564 2622 habemus.
594 2552 680 2622 Illud
706 2551 885 2620 intellectus
906 2551 955 2617 vi-

128 2643 208 2708 tium
234 2645 267 2710 in
292 2646 362 2733 ipsa
389 2641 520 2710 infantia
546 2644 630 2709 nasci
659 2643 773 2723 tolet,
814 2660 846 2710 et
872 2641 954 2708 viret

127 2731 236 2800 eundo
269 2732 413 2819 acquirit.
448 2733 548 2800 Lente
578 2731 778 2820 explica-ntur
811 2733 965 2820 corporis,

127 2842 272 2911 organa,
301 2821 415 2888 lentius
435 2823 611 2908 explicatur
633 2839 665 2886 et
681 2820 842 2908 perficitur
862 2822 955 2885 ratio.

106 2938 109 2946 ·
128 2905 245 3002 ,ltaque
266 2927 402 2986 mentem
418 2909 569 3004 refertam
588 2908 738 2996 habemus
758 2907 836 2977 ideis
855 2909 956 2997 pluri·
