2298 3418
251 155 418 206 ransm.
443 157 597 208 zoninus.
617 160 700 210 aar.
725 159 768 208 ιι.
865 166 932 236 ⁹45

129 226 202 294 1x‹
241 229 274 296 Si
301 232 390 296 testis
414 228 580 309 oculatus,
602 232 656 316 qui
683 232 846 298 veritatem
868 229 933 299 fae·

76 317 109 380 ti
140 317 253 398 novit,
286 317 368 387 illud
399 335 504 384 narrat
533 339 613 408 vaga
641 318 792 388 adhibens
827 341 932 386 voca·

77 403 184 488 buia,
206 409 295 475 testis
320 408 443 472 auritus
467 405 541 474 facti
568 409 733 476 veritatem
761 429 825 474 uon
851 429 932 476 sem·

81 517 146 582 per
170 499 357 584 assequitur.
385 497 470 562 Nam
498 517 597 584 quum
623 499 748 564 nomina
773 517 852 588 uaga
876 498 931 564 in·

81 584 240 654 variatam.
265 603 452 654 constanter
479 606 544 650 non
576 583 711 654 babeant
751 589 930 666 notionem.

79 691 115 740 et
140 675 234 742 testis
254 678 373 740 auritus
396 695 484 755 earn,
506 696 590 763 quae
611 675 668 738 sibi
694 674 853 750 familiaris
869 693 932 756 ests,

77 760 190 841 verbis
222 765 384 830 notionem
417 765 568 854 iungant,
611 765 787 852 saepissime
814 765 929 831 accidit

9 849 10 854 ’
77 868 116 917 ut
142 850 251 919 verbis
265 852 306 920 ab
327 851 458 918 oculato
483 871 564 918 teste
586 853 743 939 prolatis,
782 856 832 920 vei
859 854 931 933 alia,

78 938 197 1028 iungat
223 943 387 1019 notiones,
413 940 465 1006 vel
491 942 645 1028 tantisper
672 941 818 1008 variatas.
847 943 932 1010 Hinc

80 1049 186 1115 saepe
213 1029 280 1095 fieri
307 1030 470 1109 videmus,
492 1045 528 1094 ut
555 1046 650 1094 testes
676 1031 768 1096 auriti
791 1031 931 1116 speciem

81 1114 165 1200 iacti
189 1117 322 1184 varient.
350 1119 378 1184 Si
402 1121 489 1186 testis
510 1119 656 1184 oculatus
681 1139 772 1186 suum
787 1119 827 1185 de
846 1116 930 1188 factu

83 1201 199 1292 aliquo
213 1207 357 1272 iudicium
374 1229 447 1272 cum
464 1209 533 1296 ipso
548 1208 633 1274 facto
650 1207 841 1286 confundit,
871 1228 934 1276 tes·

82 1294 124 1358 tis
159 1295 279 1362 auritus
304 1295 456 1362 iudicium
480 1319 498 1361 a
525 1293 609 1362 facto
633 1319 696 1364 non
721 1297 932 1389 distinguens,

80 1379 161 1448 facti
193 1386 359 1451 veritatem
397 1407 461 1450 non
500 1386 688 1472 assequitur.
716 1387 816 1452 Sumit
849 1390 931 1455 enim

81 1493 147 1560 pro
177 1471 263 1538 facto
289 1477 359 1562 ipso
385 1473 532 1540 iudicium
558 1476 645 1540 restis
671 1474 809 1552 oculari,
839 1474 930 1562 quod

81 1579 192 1634 tamen
222 1586 240 1628 a
264 1561 352 1629 facto
375 1563 508 1628 aberrat.
527 1561 637 1640 Quum
656 1579 761 1626 autern
780 1561 934 1648 frequen·

80 1651 240 1717 tissimum
263 1653 324 1732 sit,
351 1655 459 1740 utqui
481 1649 599 1716 iactum
622 1666 772 1728 narrant,
807 1671 861 1714 sua
891 1649 933 1720 de

80 1738 174 1808 facto
202 1740 319 1806 iudicia
345 1763 418 1806 cum
448 1739 519 1826 ipso
544 1735 630 1804 facto
656 1740 807 1804 misceant
833 1755 933 1822 atque

82 1829 313 1909 confundant,
342 1845 374 1894 et
403 1829 433 1892 in
462 1830 522 1891 suis
559 1828 679 1894 iudiciis
717 1825 933 1913 exprimendis

85 1943 167 2008 uaga
192 1915 363 2004 adhibeant
385 1915 563 1994 vocabula,
598 1918 652 2006 qui
676 1917 842 1983 veritatem
860 1914 932 1982 facs

85 2011 109 2074 ti
147 2007 274 2096 assequi
306 2005 460 2086 voluerit,
496 2004 575 2072 haec
606 2007 672 2074 duo
700 2028 797 2096 quam
825 2008 933 2071 maxi*

89 2121 141 2166 me
164 2119 280 2163 cavere
302 2095 408 2162 debet.
737 2149 739 2154 .

131 2184 176 2251 X.
223 2185 254 2249 Si
277 2183 436 2271 quaedam
457 2182 488 2248 in
513 2183 691 2248 narratione
713 2178 935 2259 continentur}

89 2289 173 2360 quae
203 2274 255 2339 vel
281 2273 338 2338 sibi
364 2271 579 2355 mutuo‚,vei
602 2272 723 2334 veritati
749 2285 838 2334 certo
860 2279 937 2356 cog·

90 2366 175 2429 uitae
203 2377 404 2452 repugnant,
446 2359 587 2426 narratio
617 2359 691 2422 falsa
717 2373 775 2423 est.
805 2357 834 2420 Si
863 2357 935 2442 quis
1004 2440 1009 2450 ‚

88 2455 190 2518 sciens
213 2471 243 2518 et
269 2451 379 2516 volens
405 2445 481 2512 falsa
507 2463 634 2526 narrat,
660 2449 682 2511 is
698 2445 748 2512 vel
765 2441 841 2509 salsa
857 2465 935 2509 nar·-

89 2541 213 2606 ratione
224 2539 301 2605 boni
317 2537 481 2626 quidpiam
501 2536 763 2625 consequendum
780 2531 833 2598 sibi
856 2555 934 2620 pro·-

90 2624 185 2718 ponit'
196 2676 207 2707 ,
244 2627 293 2694 vei
309 2649 349 2693 ex
371 2625 551 2691 narratione
576 2647 652 2690 vera
677 2625 748 2690 maii
771 2622 934 2710 quidpiam

90 2721 212 2786 mer-uit.
236 2715 364 2784 Conscii
388 2717 470 2781 enim
496 2735 624 2794 sumus,
650 2734 706 2776 tros
731 2711 808 2776 nibil
828 2735 936 2802 appe·
1021 2796 1025 2804 ⁴

90 2825 158 2875 tere
182 2807 246 2872 nisi
269 2804 329 2870 sub
354 2807 474 2871 ratione
501 2803 598 2880 boni,
626 2806 684 2868 nec
711 2801 869 2886 quidpiam
896 2822 936 2864 a·

91 2896 207 2966 uersari
231 2895 289 2966 uisi
309 2892 510 2966 subratione
530 2891 617 2958 maii.
640 2889 856 2970 Quamobrem
879 2888 936 2976 qui

536 2979 673 3060 Q2‘
