2298 3418
268 179 356 228 rnne
378 179 403 228 t.
427 178 581 228 narsen.
606 178 767 240 cnr.1r.‚
883 173 923 246 ay

89 251 210 340 tique,
238 253 313 338 qnia
334 250 423 316 Deus
447 253 551 340 potuit
576 250 656 317 velie
672 281 692 330 ‚·
711 265 747 316 ut
772 244 827 313 sibi
853 253 929 310 mod

92 359 155 408 tuo
171 361 235 404 non
257 345 463 428 repugnent,
489 363 573 427 quae
587 340 645 406 sibi
659 339 793 404 invicem
811 355 929 424 repug-

96 445 260 508 nassent,
295 427 319 491 si
348 428 436 494 aliter
462 428 535 496 Deo
569 429 669 493 vitum
698 424 837 502 fuissete
875 421 931 490 sed

98 517 210 584 falsum
222 516 408 604 posterius}
430 539 507 606 ergo
518 537 626 584 rernm
640 519 734 606 ptius.
750 514 844 580 Proh.
857 513 930 578 min.

97 607 127 672 Si
155 607 245 674 Deus
272 607 430 695 potuisset
459 605 563 686 velle,
595 627 630 671 ut
661 627 735 686 res,
765 610 845 691 quae
873 600 930 666 sibi

96 704 213 762 monuo
227 714 292 760 non
318 714 525 784 repugnant,
553 694 612 760 sibi
638 707 749 760 mutuo
777 711 931 778 repugna·

96 800 198 862 rente
230 805 277 850 res
300 783 430 850 eaedem
451 784 481 848 in
496 803 530 850 se
549 802 713 872 spectatae
731 797 859 870 possent
882 799 932 846 re·

97 889 241 960 pugnare
263 889 294 938 et
317 895 387 939 non
408 893 609 962 repugnaret
637 893 673 938 ac
695 869 832 960 proinde
850 889 932 954 pos·

98 960 187 1028 sibile
219 977 323 1040 esset,
355 962 439 1030 idem
468 963 559 1027 simul
593 983 660 1030 esse
693 977 725 1027 et
752 975 822 1025 non
851 977 931 1034 esse,
998 1031 1001 1040 Δ

99 1047 194 1136 quod
218 1047 344 1137 quidem
371 1049 542 1118 absurdunt
564 1073 658 1133 esee,=
686 1069 782 1117 nemo
805 1040 933 1126 diffiteri

100 1151 225 1222 potest.
379 1207 384 1215 ¹

156 1220 264 1291 Proh.
281 1245 308 1292 2.
322 1227 352 1294 Si
366 1227 553 1314 possibilitas
570 1248 672 1297 return
687 1225 832 1292 absoiuta
847 1243 932 1309 pen-

102 1310 193 1378 deret
219 1335 236 1380 a
266 1316 431 1385 voluntate
458 1319 542 1396 Dei,
567 1339 669 1385 rerum
685 1313 877 1404 possibilium
905 1311 932 1375 i·

100 1399 180 1470 deae
208 1405 385 1492 potuissent
417 1426 484 1472 esse
515 1407 545 1472 in
575 1424 680 1474 mente
708 1403 814 1470 divina
843 1395 932 1468 ideae

100 1509 206 1555 rerunt
234 1493 497 1577 impossibilium
529 1517 605 1584 ergo
634 1511 736 1561 essent
765 1489 933 1556 motabiles

99 1579 218 1658 ideae,
245 1603 327 1670 quae
353 1583 477 1647 suntin
505 1602 606 1648 mente
632 1583 761 1658 divina,
791 1599 828 1644 ac
853 1589 932 1666 proi

100 1667 178 1733 inde
199 1691 263 1732 non
283 1688 383 1736 essent
400 1673 590 1738 necessariae
614 1719 624 1749 ‚
656 1691 732 1758 ergo
752 1689 816 1744 non
830 1673 955 1734 essent.

100 1757 278 1824 essentiales
311 1759 410 1836 Deo,
435 1762 572 1847 ideoque
599 1760 687 1824 Deus
716 1772 826 1845 posset
851 1769 934 1820 con*

101 1845 164 1932 cipi
187 1847 253 1911 sine
268 1845 345 1916 ideis
361 1866 464 1915 retum
486 1847 689 1934 possibilium.
715 1847 774 1914 Sed
798 1845 820 1910 si
846 1846 935 1912 Dens

101 1935 231 2020 coneipi
264 1938 361 2024 possit
386 1938 453 2004 sine
483 1937 560 2004 ideis
588 1959 690 2003 retum
727 1933 936 2024 possibilium)

96 2022 255 2112 'possibile
269 2043 317 2090 est
336 2072 348 2103 ,
379 2043 415 2092 ut
430 2026 517 2091 Deus
537 2026 575 2091 sit
591 2025 761 2114 aliquando
776 2023 839 2090 sine
854 2027 937 2112 cogi·

100 2112 223 2178 nitione
254 2132 357 2178 retum
386 2113 615 2202 possibilium,
647 2115 737 2200 quod
764 2115 935 2202 repugnat&

103 2221 181 2290 ergo
206 2201 394 2287 possibilitas
425 2223 526 2269 rernm
550 2202 696 2268 absoluta
723 2225 788 2268 non
815 2203 936 2292 pendes

103 2309 123 2355 a
150 2287 317 2356 voluntate
342 2291 458 2360 divina.
924 2294 928 2314 ““

104 2399 108 2404 ’
172 2375 270 2443 Prob.
286 2401 317 2468 3.
334 2379 363 2442 Si
383 2376 572 2466 possibilitas
585 2376 731 2446 absoluta
745 2399 846 2445 rerunt
861 2379 939 2467 pen'·

100 2464 195 2532 deret
223 2487 241 2530 a
268 2466 433 2534 voluntate
463 2467 590 2544 divina,
619 2467 707 2534 Deus
737 2489 830 2557 posse
859 2466 939 2552 velie
1038 2509 1041 2516 ·

105 2553 138 2618 id
157 2598 167 2631 ,
193 2555 283 2642 qood
295 2573 341 2620 est
356 2554 559 2644 impossibile.
584 2550 683 2621 Porto
701 2557 788 2624 Deus
805 2579 869 2622 non
882 2575 941 2644 pos

105 2657 171 2731 teg
191 2642 271 2709 velle
294 2642 352 2723 id,
379 2645 469 2734 qood
491 2645 777 2714 contradictionem
793 2646 940 2726 involvite
966 2706 968 2710 ,

103 2729 247 2815 alioquin
270 2733 376 2812 velle,
405 2733 488 2800 idem
516 2732 607 2797 simul
626 2755 694 2800 esse
715 2749 746 2800 et
774 2755 846 2799 non
860 2755 941 2812 esse,

107 2819 245 2906 ideoque
272 2820 369 2887 vellet
406 2839 441 2903 et⁸
471 2820 570 2888 nollet
598 2820 705 2886 simul:
733 2821 776 2887 Es
804 2840 890 2892 cette
916 2824 941 2887 ii
985 2886 1017 2908 ,ἱ

109 2905 198 2976 Deua
221 2905 320 2976 vellet
340 2908 398 2991 id,
425 2909 516 2998 qood
541 2908 823 2996 contradictionem
843 2909 945 2976 invol-
