2300 3506
247 189 332 236 uass
356 189 383 234 t.
409 185 570 234 toetotts·
593 187 669 235 cat.
693 187 720 248 t.
865 189 914 259 59*

65 259 208 351 quisitae
238 279 360 328 veteres
395 258 481 323 ideas
513 255 685 324 obliterate
715 271 909 348 potuerunt,

67 351 170 439 longo
184 347 368 434 praesertim
381 347 534 436 temporis
546 347 728 428 intervallo,
744 347 833 434 quod
848 345 912 416 fuit

70 440 199 503 omnino
215 437 446 515 necessarium,
468 455 504 500 ut
522 438 693 524 propositis
707 435 908 524 quaestioni-

72 527 129 591 bus
148 524 329 593 satisfacere
348 542 467 606 posset.
498 523 783 592 Probabilissimom
799 545 908 598 autem

77 636 143 693 est,
173 617 205 681 in
239 614 423 684 memoriam
453 613 604 679 redituras
634 611 728 681 fuisse
757 615 910 702 pristinae

71 703 273 772 habitationis
310 705 421 779 ideas,
453 701 478 766 si
515 719 589 789 post
619 703 740 790 aliquot
775 703 841 770 dies
878 705 911 770 in

69 795 166 884 ipsam
190 794 346 883 sylvam,
372 793 460 857 cuius
486 792 589 858 incola
615 790 744 873 fuerat,
773 792 913 860 transla-

69 902 119 949 tus
146 881 276 948 fuisset.

136 972 203 1038 Sed
233 969 312 1035 haec
340 968 476 1036 brevitet
507 967 677 1036 dumtaxat
700 967 777 1034 attin
800 993 852 1038 ere
877 970 916 1036 li·

69 1077 123 1126 eet
141 1108 152 1139 ,
183 1057 229 1124 ad
243 1058 499 1148 Metaphysicam
515 1059 617 1135 enim,
646 1080 741 1144 atque
766 991 915 1126 dthicaut

70 1148 212 1234 proprio
244 1147 311 1215 iure
343 1149 511 1234 pertinent.
545 1148 724 1214 Meminisse
754 1147 827 1214 satis
861 1151 914 1228 sit,

71 1237 223 1304 idearum
246 1240 422 1319 innatarum
444 1233 571 1300 nomine
597 1237 672 1302 nihil
702 1237 786 1302 aliud
809 1259 827 1304 a
854 1257 916 1304 no·

71 1326 121 1390 bis
147 1325 308 1416 intelligi,
341 1325 398 1391 nisi
421 1325 593 1412 primitivas
612 1326 697 1393 ideas
722 1347 799 1412 pute
815 1326 916 1392 intel-

73 1413 232 1481 lectuales
261 1413 344 1481 facili
376 1416 505 1480 rationis
534 1433 592 1478 usu
618 1415 849 1502 acquirendas,
876 1433 917 1480 ex

75 1503 271 1574 educatione
295 1522 328 1572 et
355 1505 518 1592 regionum
543 1503 697 1570 varietate
719 1521 918 1586 nequaquam

80 1594 286 1677 pendentes,
316 1596 403 1678 quod
428 1591 575 1658 effutiunt
599 1592 683 1679 impii
709 1587 805 1676 aliqui
829 1587 919 1654 Reli·

105 1681 186 1741 ionis
214 1701 397 1768 morumque
422 1697 639 1770 corruptores.
664 1677 715 1743 Ex
743 1676 789 1742 his
817 1677 921 1742 omni·
1013 1745 1015 1752 ,

82 1699 148 1828 ἓως
176 1765 306 1832 evidens
331 1789 396 1848 est,
426 1791 494 1858 qno
522 1791 616 1836 sensu
644 1767 766 1834 admitti
795 1766 921 1858 possint

82 1851 177 1920 ideae
215 1856 360 1937 innatae,
390 1861 432 1923 ita
469 1875 504 1923 ut
536 1857 694 1946 explicato
726 1856 920 1944 quaestionis

78 1960 164 2009 statu
179 1991 189 2022 ,
216 1943 303 2012 ideas
324 1948 445 2012 innatas
473 1947 577 2034 negari
603 1947 652 2012 vel
678 1943 821 2012 affirmati
851 1968 934 2014 nonx

77 2051 248 2123 repugnet.
278 2035 372 2098 Hanc
400 2037 617 2120 quaestionem
642 2035 681 2102 de
709 2036 783 2100 ideis
809 2038 920 2100 innatis

76 2118 147 2186 fuse
174 2125 324 2187 tractavit
347 2121 478 2188 Loltius.
505 2125 626 2214 Neque
647 2123 759 2212 aliquis
783 2123 838 2188 sibi
867 2121 920 2190 fa·

76 2211 137 2282 eile
163 2211 354 2298 persuadeat
382 2235 497 2277 novam
525 2234 619 2302 atque
649 2211 822 2278 inauditam
851 2236 919 2280 esse

74 2298 184 2378 hanc,
217 2321 312 2386 quam
340 2302 547 2379 tradidimus,
577 2302 717 2368 idearum
745 2303 921 2368 innatarum

76 2389 299 2455 definitionem
317 2415 326 2467 ;
358 2389 448 2478 quod
473 2391 600 2476 quidem
623 2390 727 2456 avitis
748 2389 781 2453 in
798 2388 844 2456 his
868 2413 923 2457 re·

75 2476 140 2542 bus
155 2502 222 2543 non
238 2479 414 2544 admodum
430 2479 558 2546 versatis
573 2479 691 2544 dictum
705 2478 823 2546 audivi.
848 2479 922 2546 Nec

76 2569 153 2653 quis
169 2569 281 2633 c'tedat
304 2566 385 2632 hanc
410 2588 551 2633 nostram
568 2569 781 2638 definitionem
804 2589 924 2636 conve-

76 2655 149 2719 nire
182 2657 316 2732 omnino
345 2677 418 2721 cum
450 2659 603 2724 sententia
630 2661 923 2748 peripateticorum.

75 2741 123 2806 Et
144 2745 278 2829 quidem
301 2746 420 2810 etiamsi
447 2768 530 2810 nova
546 2743 627 2812 foret
643 2747 775 2814 definito
790 2794 799 2827 ,
814 2771 838 2835 ’ξ
848 2747 926 2835 quid

77 2833 152 2899 inde
169 2833 368 2900 incommodi
383 2835 558 2903 dummodo
576 2857 623 2900 tes
638 2838 698 2917 sit,
722 2837 816 2922 veta?
844 2839 926 2905 Ve-

79 2943 150 2986 rum
176 2923 269 2994 haec,
285 2924 350 3010 ipsa
375 2923 515 2991 delinitio
533 2949 551 2992 a
569 2923 676 3018 multis
691 2925 851 3014 explicata
867 2937 928 3000 est,
