2326 3438
208 153 274 218 294
381 159 384 162 ·
449 143 635 195 rnsntrv'r.
667 145 801 194 russos.
868 155 899 168 ··
992 201 994 204 ,

207 243 267 296 uus
290 216 383 284 dictis
407 235 495 305 patet
521 233 625 282 totum
651 219 815 304 utriusque
833 212 977 288 methodi
1000 223 1070 282 ard».

210 309 339 374 tilicium
366 326 464 394 atque
492 305 668 370 discrimen.
695 305 867 372 Methndus
890 304 1061 392 analytica

207 420 225 464 a
254 398 438 482 compositis
455 393 496 458 ad
511 395 698 480 simpliciora
720 394 895 482 regreditur
914 409 1062 468 ;contra

203 505 309 552 autem
327 483 497 548 methodus
521 482 702 571 synthetica
718 506 736 547 a
755 481 993 569 simplicioribus
1011 481 1068 546 ad·

202 575 382 659 composita
418 570 586 651 ascendit,
622 593 701 660 quas
739 571 872 660 quidem
904 569 1064 655 vulgares.

203 663 401 728 definitiones
430 677 546 744 utpote
581 661 684 725 miuus
718 677 885 726 accuratas
913 657 1052 726 breviter
1129 716 1135 733 .

208 749 444 836 explicabimus.
463 746 502 813 In
531 769 571 815 eo
599 771 712 837 nempe
725 749 832 834 posita
857 765 903 815 est
925 767 973 811 ars
996 765 1058 814 to-,

205 857 238 902 ta
255 839 423 928 analyseos
438 886 448 914 ,
465 855 500 904 ιιι
530 837 572 902 ad
593 837 694 924 ipsam
725 838 874 904 idearum·
895 835 1055 925 originem

201 945 301 1016 atque
317 926 454 1016 genesim
469 925 621 1012 perducat
635 971 644 1005 ‚
659 927 806 992 notiones
826 941 945 993 nostras
958 946 1050 988 com·

200 1025 302 1106 ponar
321 1063 330 1094 ‚
358 1017 480 1082 dividat
509 1034 539 1080 et
564 1015 644 1078 inter
657 1029 662 1033 “
675 1037 708 1080 se
722 1095 725 1100 Ι
738 1013 892 1080 conferat.
926 1014 1053 1077 Notio-

200 1127 278 1172 num
304 1125 410 1169 autem
428 1103 551 1181 nomine
565 1103 644 1188 'heic
660 1103 860 1194 intelligimus
876 1102 958 1170 ideas
977 1102 1058 1166 sirn-

201 1196 299 1282 plices
315 1213 346 1258 et
373 1191 567 1281 singulares,
596 1213 673 1278 quas
703 1195 918 1259 sensationum
937 1210 978 1280 'et-
996 1213 1059 1257 ree

202 1283 345 1352 flexionis
376 1302 440 1366 ope
464 1280 667 1364 acquirimus.
691 1281 783 1348 Haec
814 1299 862 1346 est
890 1279 1058 1368 cognitio-¹

110 1411 113 1420 ι
202 1389 278 1434 num
301 1386 478 1434 nostrarum
510 1368 664 1447 materia,
693 1391 732 1434 ex
758 1369 931 1458 quaideas
959 1390 1059 1438 com·.

202 1459 311 1548 plexas
340 1456 535 1532 formamus,
556 1457 679 1524 collatis
703 1458 783 1526 inter
802 1481 834 1524 se
858 1480 914 1544 per
937 1459 1058 1547 analyo.

201 1550 258 1616 sim
287 1547 417 1614 diversis
446 1545 663 1614 relationibus.
678 1545 868 1614 Cavendum
894 1569 972 1632 ergo
990 1563 1054 1626 est,

202 1659 243 1702 ne
265 1635 331 1703 illas
357 1637 441 1702 ideas
458 1633 641 1722 simplices,
657 1638 783 1720 quaein
803 1633 956 1701 methodo
972 1656 1054 1700 ana-

186 1723 303 1816 lytica
331 1723 598 1801 considerantur,
619 1745 692 1787 cum
719 1723 882 1790 abstractis
905 1723 1055 1790 notioni-'-

202 1813 263 1878 bus
298 1808 556 1900 etgeneralibus
586 1810 855 1901 philosophorum
886 1813 1055 1900 principiis

198 1898 447 1966 confundamus.
467 1899 542 1962 Hoc
561 1901 694 1968 alterum
712 1919 854 1988 praestat
879 1901 1054 1966 methodus

203 1985 413 2080 syntheticai,
442 2009 525 2074 quae
550 1988 793 2069 definitionum,
808 1991 1002 2056 axiomitum
1018 2007 1051 2056 et

201 2076 430 2166 principiorum
452 2076 642 2164 generalium
666 2100 731 2167 ope
757 2079 923 2146 veritatem
940 2077 1053 2166 expli-t
1139 2071 1140 2084 ¹

148 2207 150 2212 -
201 2174 266 2230 cat.¹
283 2164 334 2232 Ex
359 2165 418 2230 hac
438 2163 526 2231 brevi
542 2165 709 2254 utriusque
737 2167 880 2234 methodi
903 2169 1049 2254 explica·

200 2257 306 2336 tione,
333 2256 407 2323 satis
423 2250 586 2320 manifesta
602 2273 649 2320 est
666 2257 836 2352 analyseos
862 2256 1054 2342 prestantiaa
1139 2265 1140 2268 ’

170 2395 173 2414 r
200 2367 301 2436 quum
329 2346 467 2412 idearum
497 2343 733 2434 generationem
765 2363 796 2410 et
825 2343 1052 2411 formationem

202 2431 296 2500 nobis
326 2432 475 2520 aperiat,
502 2433 546 2497 ita
572 2451 609 2496 ut
639 2433 844 2526 singula,ut
860 2433 902 2501 ita
931 2434 1052 2512 dicams'

98 2569 104 2580 .
198 2521 338 2590 veritatis
359 2521 489 2608 vestigia
512 2515 602 2586 facile
619 2541 908 2609 recognoscamus,
931 2523 1052 2612 illaque

199 2609 332 2766 vestigius
358 2608 519 2704 relegere,
546 2624 646 2694 atque
668 2610 759 2680 ideas
784 2611 900 2682 iterum
928 2611 1050 2682 exaruia

201 2719 277 2766 nare
326 2715 408 2766 ctat.
1048 2735 1050 2742 ·

390 2921 399 2941 ·.
440 2865 810 2946 seorstanum
895 2929 899 2938 ,

1046 2797 1051 2854 l

1022 2911 1051 2974 ἰ’
