2298 3418
52 116 56 151 l

126 168 127 173 ’
214 193 289 244 rrnt
310 197 353 244 11.
378 197 655 250 nosternon.
680 203 723 252 rr.
836 187 897 282 167

91 276 158 322 mm
174 257 278 332 interris
299 271 486 357 quantitatis
504 273 742 361 propositiones
766 273 898 368 oblique

92 348 253 423 universales
271 372 303 423 et
326 360 532 446 particulares
548 387 556 426 s
586 379 622 430 ut
638 367 772 430 inomni
786 371 901 434 trian-

42 436 44 446 ’
90 429 323 518 gtlttressunt
351 445 478 536 anguli.
507 449 642 538 Crypsit
669 454 899 522 contradictio·

97 523 259 599 sisoccurtit
272 536 304 598 in
319 536 594 624 propositionibus
605 541 792 624 indefinitis,
807 546 899 635 quod

94 609 277 688 tlertetnanr
294 627 458 711 speciem,
480 627 667 708 contrariis,
692 647 788 718 atque
804 637 898 701 etiam

87 696 127 762 nbi
149 711 359 777 contradictio
390 713 422 777 iu
461 711 652 782 affirmativis
678 718 755 786 latet
788 723 840 790 vel
865 725 897 792 iu

82 795 240 880 negativis,
266 817 303 865 ut
333 801 364 867 in
391 801 479 867 istist
506 825 593 872 omne
617 819 719 872 totum
745 826 795 876 est
821 833 897 878 ma-

78 873 119 940 ius
141 903 200 951 sua
218 903 353 980 parte,
378 907 411 958 et
436 905 540 959 totum
565 893 732 988 quoddam
758 913 808 966 est
837 905 898 968 mi-

75 981 125 1027 nus
148 991 207 1040 sua
228 993 348 1066 parte·
897 1021 901 1030 ·

31 1106 32 1114 t
112 1051 149 1122 X.
194 1063 441 1155 Propositiones
454 1066 620 1162 simplices
633 1069 800 1156 dicuntur,
815 1097 897 1164 quae

76 1140 183 1213 unicum
205 1150 332 1221 habent
363 1156 558 1240 subiectum,
580 1160 773 1252 unicumque
801 1186 897 1252 prae·

78 1223 208 1303 dicatum.
239 1245 451 1331 compositae
468 1268 544 1310 vero
560 1251 790 1336 appellantur,
816 1277 897 1344 quae

75 1333 105 1376 ⁸¹
118 1341 175 1389 uno
198 1327 351 1400 subiecio
369 1331 574 1422 pluribusque
599 1339 814 1423 praedicatis,
844 1343 897 1410 vel

76 1421 175 1476 txuno
200 1421 394 1504 praedicato
412 1422 622 1512 pluribusque
637 1427 788 1493 subiectis
804 1475 814 1508 ,
841 1447 897 1496 aut

75 1509 107 1556 οἱ
129 1501 271 1583 pluribus
304 1509 492 1598 praedicatis
513 1512 725 1602 pluribusque
747 1516 895 1584 subiectis
990 1561 995 1570 .

76 1577 150 1652 sinui
161 1597 366 1664 coalescunt.
384 1597 422 1662 E.
438 1623 468 1688 g.
486 1599 564 1666 haec
580 1601 783 1688 propositio:
806 1627 898 1672 cons·

75 1677 136 1738 tans
166 1705 207 1748 ac
240 1703 414 1778 perpetua
451 1685 604 1754 uoluntas
640 1713 700 1756 non
727 1689 896 1774 faciendi,

75 1759 126 1822 nisi
138 1772 235 1856 quod
257 1791 384 1840 rectum
405 1792 479 1854 est,
506 1777 660 1843 hominem
685 1781 818 1848 beatum
842 1781 897 1864 ef·

71 1836 154 1931 fian,
178 1859 317 1950 simplex
333 1877 403 1941 est,
429 1880 462 1930 et
478 1863 550 1929 huic
564 1869 739 1954 aequivalet
757 1892 765 1948 3
794 1895 896 1938 sanc·-

76 1935 145 2004 tt'tas
166 1944 329 2016 hominem
359 1951 446 2017 beat.
480 1949 565 2022 Istae
601 1978 677 2021 veto
702 1961 895 2048 propositio·

78 2033 139 2090 uest
164 2050 196 2100 et
231 2059 327 2128 reges
358 2054 390 2105 et
417 2041 546 2108 subditi
574 2049 778 2110 moriuntur.-
802 2069 896 2138 reges·

31 2157 32 2160 ¹
76 2125 138 2178 tunt
168 2139 291 2211 patres
322 2141 354 2194 rt
384 2127 509 2196 iudices
526 2130 668 2223 populi,
698 2139 895 2224 compositae

78 2209 148 2268 snut.
533 2257 535 2262 -

30 2309 32 2374 t
131 2291 313 2390 Propositio
327 2304 507 2390 composita!
517 2303 635 2373 dicitur
645 2305 853 2400 copulativa,
871 2314 895 2378 si

31 2381 34 2435 ἶ
76 2373 199 2454 llbnsta
213 2391 308 2481 plura
324 2410 377 2458 aut
390 2392 481 2478 plura
496 2394 676 2480 praedicata
690 2399 906 2488 coniungun-'‘

78 2474 141 2546 tur,
160 2474 201 2542 ita
225 2495 264 2544 ut
290 2481 417 2570 singulis
447 2478 591 2550 subiectis
620 2485 775 2576 sigillatim
801 2489 896 2556 tribui
951 2507 952 2514 ’

76 2559 164 2633 iussit
179 2566 263 2634 idern
291 2569 531 2656 praedicatum,
555 2572 607 2639 vel
631 2575 730 2644 eidem
754 2575 895 2644 subiecto

79 2641 159 2714 tribui
181 2656 309 2740 possint
332 2657 453 2747 singula
473 2661 675 2746 praedicata,
702 2681 755 2728 aut
773 2665 814 2731 de
835 2675 896 2732 'eo-

77 2724 136 2800 dem
153 2744 294 2810 subiecto
319 2747 426 2834 negari
447 2749 478 2813 in
498 2750 772 2839 propositionibus
794 2775 896 2843 nega-

80 2815 147 2888 tivis.
174 2831 332 2921 Exemplo
343 2835 403 2900 sint
417 2838 652 2924 propositiones
668 2838 768 2904 istae:
799 2841 896 2908 Deus

80 2923 119 2974 est
137 2912 321 2990 liberrimus
339 2937 373 2990 et
389 2928 681 3014 sapientissimus:
708 2926 897 2996 hominesne
