2298 3418
190 163 303 232 trs„
397 211 404 245 ,-
454 179 641 233 rrsrrrvr.
674 179 842 229 πηοεν

209 251 351 344 legitimo
391 252 633 345 argumentandi
676 251 812 332 modo,
853 249 1051 342 adlribithne

209 340 390 432 praemissis
420 343 583 410 evidenter
613 342 719 418 veris,
750 339 934 429 colligitur,
964 341 1053 427 quod

209 431 428 520 propositioni
455 453 550 500 verae
576 428 792 507 contradicit,
817 429 893 496 inde
919 429 1055 497 infertur

207 519 442 608 propositionis
485 537 664 610 assumptae
690 517 938 598 contradictoria
966 533 1057 584 tam-

205 625 307 763 guant
331 629 426 688 vetar
452 631 490 686 ac
514 610 648 696 proinde
671 607 759 695 quod
782 629 839 698 per
864 607 1055 674 indirectum

150 716 151 724 ’
234 714 470 778 emonstratur,
495 697 575 764 illud
602 719 712 764 verum
741 714 801 762 est.
1043 751 1050 756 .

254 788 305 858 V.
350 787 480 855 Praeter
506 787 584 854 duas
611 788 674 852 iam
698 784 875 876 explicatas
897 783 1056 853 demons-

134 929 138 950 ,
205 877 382 942 arationum
400 877 540 966 species,
562 875 756 966 distinguere
777 876 882 942 solent
909 873 1057 940 scholas-

206 964 263 1030 tici
285 963 593 1034 demonstrationem
614 990 636 1030 a
652 968 784 1056 priori,
798 981 832 1031 et
847 962 1057 1033 demonstra-

206 1058 327 1121 tionem
348 1080 371 1122 a
388 1057 578 1145 posteriori.
599 1053 878 1120 Demonstratioa
901 1051 1002 1142 priori
1014 1075 1057 1120 ea
1144 1133 1145 1136 Ἴ

162 1207 167 1216 ,
207 1159 369 1222 vocatur,
394 1165 479 1234 quae
504 1141 605 1231 petita
631 1160 677 1208 est
700 1163 739 1208 ex
765 1143 833 1232 ipsa
858 1142 901 1207 rei
924 1157 1056 1223 natnr23
1144 1161 1145 1226 3

207 1231 439 1301 demonstratio
452 1249 593 1298 autema
612 1231 780 1321 posteriori
796 1253 840 1297 ea
863 1248 936 1308 est,
967 1251 1057 1319 qnae
1144 1229 1145 1258 ³

211 1322 332 1386 eruitur
360 1343 402 1387 ex
428 1321 522 1410 ipsius
552 1317 727 1386 affectibus.
746 1315 806 1384 lta
834 1317 859 1384 si
885 1319 1059 1387 existentia
1144 1351 1145 1356 ¹

210 1408 272 1476 Dei
300 1409 538 1478 demonstratur
568 1431 610 1474 etr
638 1407 704 1496 ipsa
729 1410 810 1474 entis
830 1407 949 1474 infinite
973 1429 1059 1497 pet·
1144 1453 1145 1464 r

211 1495 287 1566 fecti
307 1501 462 1574 notione,
483 1519 523 1564 ex
546 1495 645 1586 ipsius
659 1495 779 1562 scilicet
793 1495 976 1574 attributis,
990 1496 1058 1564 de-

150 1612 154 1623 *
211 1589 400 1656 monstratio
424 1587 541 1654 dicitur
565 1583 719 1673 aptiori,
741 1603 877 1652 vocatus
899 1601 1007 1651 autem
1034 1607 1058 1652 ι

207 1678 404 1766 posteriori,
430 1676 454 1740 si
477 1695 519 1741 ex
543 1677 698 1742 creaturis
720 1674 968 1741 demonstretur.
994 1673 1060 1740 Oe·

103 1819 110 1826 .
211 1760 315 1833 tetum
342 1779 454 1854 patet,
483 1763 787 1830 demonstrationem
813 1784 832 1828 a
856 1763 952 1851 priori
979 1778 1058 1828 eta

211 1853 379 1942 posteriori
403 1851 552 1919 directam
574 1861 641 1917 esse
663 1872 757 1940 posse
779 1850 832 1918 vel
849 1849 1054 1924 indirectama

207 1943 260 2008 *At
281 1938 445 2028 quaelibet
470 1939 707 2006 demonstratio.
723 1939 983 2030 syllogismorum
1002 1960 1059 2006 se·

188 2047 189 2058 ¹
213 2031 259 2097 rie
284 2049 321 2098 et·
340 2029 565 2095 coniunctione
585 2027 773 2093 absolvitur.
800 2027 915 2118 ltaque
941 2048 1059 2095 neces·
1144 2031 1145 2112 j

212 2119 312 2184 sarius
328 2135 377 2187 est
393 2118 650 2208 syllogismorum
665 2118 696 2181 in
705 2116 959 2184 demonstrando
970 2137 1060 2184 usus.
1144 2113 1145 2132 ¹

215 2207 295 2275 Non
319 2225 423 2276 tamen
447 2207 563 2272 desunt
587 2205 683 2272 hodie
708 2205 859 2292 plurimi,
884 2207 940 2292 qui
967 2207 1060 2276 aliter
1144 2267 1145 2272 ,

216 2299 378 2378 sentiunt,
399 2313 431 2365 et
450 2295 575 2384 logicae
596 2313 770 2383 praecepta
791 2294 832 2363 de
854 2295 1061 2386 syllogismo·-

215 2408 284 2454 rum
311 2385 412 2453 forma
436 2383 518 2450 inter
541 2382 804 2450 scholasticorum
827 2384 925 2450 tricas
948 2406 1061 2474 nugas·

176 2513 179 2520 ·
214 2499 280 2566 que
309 2474 471 2552 referunt,
496 2472 586 2560 quod
613 2471 769 2561 quidem,
789 2490 832 2538 ut
863 2494 955 2560 saepe
982 2495 1060 2538 nro·

212 2566 366 2644 unimus,
387 2561 502 2628 iaciunt
529 2561 648 2628 iudicio
674 2561 764 2626 nimis
790 2561 897 2666 praeci
913 2562 968 2627 iti.
995 2561 1062 2627 Et-
1144 2581 1145 2584 ’

216 2653 299 2720 enim
353 2672 375 2716 r
408 2649 560 2718 hactenns
587 2649 815 2718 demonstratis
841 2585 973 2718 evidens
995 2669 1060 2732 est,

218 2675 353 2808 subiecii
366 2755 399 2807 et
412 2738 585 2827 praedicati
598 2739 869 2820 convenientiam,
887 2740 942 2806 nisi
954 2759 1011 2829 per
1024 2761 1062 2808 se
1144 2739 1145 2766 ³

220 2846 348 2920 pateat,
371 2828 436 2895 siue
456 2832 560 2912 aliqua
583 2826 841 2908 ratiocinatione,
865 2828 1065 2918 acproinde.

219 2920 285 2988 siue
320 2917 530 3000 ratiocinandi
561 2913 683 3008 legibus
708 2917 939 3002 advetrinon„
952 2937 1063 3011 posse.
