2258 3428
264 159 346 210 mu
370 161 396 208 1.
422 157 574 210 nootcnt.
597 159 675 212 nnn.
701 159 743 208 tt.
884 145 929 214 it

74 233 112 294 in
124 226 243 294 scholis
256 235 336 298 tradi
348 253 595 300 consueverunt.
611 229 717 299 Nobis
729 246 833 296 autem
849 255 929 318 pau·

79 339 125 384 ea
147 318 264 386 addere
281 324 355 386 satis
376 323 459 400 erit,
488 324 620 410 quaein
640 321 802 412 theologia
827 322 927 387 scho-

85 407 189 472 lastica
206 413 351 476 utilitatis
365 411 496 475 alicuius
512 431 581 476 esse
596 428 743 498 possunt.
774 411 928 480 Vniver-

86 497 149 562 tale
164 497 320 563 deliniunt
344 497 547 563 scholasticit
576 500 616 565 id
629 498 719 588 quod
727 514 778 564 est
794 498 848 564 vel
866 525 924 568 es·

80 609 117 651 te
126 602 242 676 potest
264 583 380 653 multis
402 608 573 654 commane.
600 587 666 653 Res
688 607 792 655 autem
819 589 925 676 pluti-

83 671 141 740 bus
157 677 338 742 communis
362 697 430 742 esse
450 695 557 764 potest
577 679 716 764 quinque
738 678 866 742 modist
893 680 926 746 iu

79 764 256 831 causando
271 813 282 844 ‚
308 767 340 830 io
356 765 660 854 repraesentando,
687 765 718 828 in
733 763 925 854 st‘gnificaet·

78 851 151 930 do,
180 853 212 915 in
237 853 398 930 essendo,
419 873 449 918 et
466 854 497 918 in
506 852 746 942 praedicando.
773 854 924 922 Vnivet*

80 941 151 1008 sale
168 941 200 1004 in
217 941 385 1008 causando
401 961 469 1008 est:
498 964 624 1020 cauta,
650 963 736 1043 quae
747 939 853 1008 multa
864 964 925 1031 po·

76 1045 152 1094 test
176 1030 383 1116 producere,
413 1050 449 1096 ut
476 1031 572 1096 Deua.
597 1032 793 1098 Vniversale
815 1032 845 1096 in
871 1053 924 1098 re-

74 1119 328 1205 praesentando
342 1135 390 1184 est
403 1143 411 1182 ε
437 1121 699 1206 repraesentatio
712 1123 781 1192 eius
797 1165 808 1196 ,
838 1119 935 1224 quod

81 1220 137 1270 est
146 1203 304 1292 pluribus
314 1227 501 1298 ¹cotttettune,
532 1227 568 1273 ut
585 1209 672 1272 notio
693 1206 837 1272 hominis.
863 1207 926 1277 Va

80 1294 239 1361 niversale
261 1297 293 1360 in
310 1291 524 1384 significando
539 1315 608 1362 etta
635 1294 675 1362 id
684 1341 694 1376 ,
715 1295 806 1386 quod
818 1299 926 1386 signi-

70 1379 165 1466 ficat
189 1407 259 1450 rent
281 1384 438 1472 pluribus
464 1405 680 1460 communem,
710 1404 744 1448 ut
773 1405 836 1448 vox
864 1385 925 1450 ista

71 1469 194 1536 homo.
224 1473 420 1542 Vniversale
443 1476 474 1536 in
487 1475 622 1539 essendo
652 1490 719 1536 este
745 1471 807 1550 id,
839 1473 930 1558 quod

79 1559 238 1646 pluribus
266 1565 349 1627 inest
379 1561 465 1626 idem
497 1585 554 1628 seu
588 1557 720 1636 simile,
747 1575 783 1622 ut
811 1578 925 1626 natura

88 1645 230 1710 humana
252 1669 306 1714 sen
321 1650 522 1727 humanitas,
552 1665 582 1714 et
609 1647 725 1713 dicitur
747 1644 927 1716 universale
1013 1677 1016 1682 ·

90 1737 372 1825 metaphysicum,
403 1739 604 1825 terminoque
631 1738 794 1801 abstracto
821 1737 930 1824 expri-

93 1823 202 1886 mitur.
234 1825 419 1892 Vniversale
443 1830 476 1891 in
487 1825 712 1914 praedicando
729 1843 800 1892 est:
829 1847 929 1893 unum

83 1911 319 1998 praedicatum
334 1916 377 1982 de
389 1911 528 1994 multis,
553 1933 588 1980 ut
605 1914 700 1978 honlo
717 1963 728 1993 ,
752 1933 783 1980 et
800 1915 929 1982 univers*

86 2002 151 2066 tale
164 2000 317 2090 ¹logicum
332 2005 538 2092 appellatur,
565 2023 602 2068 ac
618 2006 753 2068 termino
773 2022 926 2070 concretu

86 2089 298 2174 praedicatur.
327 2091 519 2160 Vniversaie
548 2093 592 2159 inl
610 2091 777 2156 causando
808 2093 927 2162 dicitut

63 2177 278 2243 'universale
300 2199 378 2245 ante
399 2177 536 2256 malem
563 2178 739 2247 universale
767 2181 796 2241 in
823 2201 929 2253 essen·

86 2266 132 2330 do
160 2284 195 2332 et
224 2269 439 2352 praedicando
469 2268 647 2353 appellatur
675 2269 867 2334 universale
893 2273 929 2338 in

83 2353 206 2421 moltis,
216 2379 233 2434 ;
261 2377 292 2422 et
307 2355 485 2422 universale
499 2361 527 2420 in
543 2356 812 2443 repraesentando
828 2376 931 2421 voca-

86 2461 142 2506 tur
171 2446 360 2511 universale
381 2461 458 2534 post
490 2445 608 2510 enuita.
639 2445 728 2510 Nam
759 2465 851 2510 causa
883 2463 934 2511 est

85 2531 181 2618 prior
206 2533 320 2599 effectu
338 2579 348 2612 ‚
378 2552 409 2600 et
426 2554 526 2598 tetum
544 2535 680 2622 signate
706 2550 928 2620 repraesenta·

88 2622 196 2684 tiones
224 2625 379 2709 tes-ipsas
406 2643 655 2707 consequuntur.
691 2623 816 2687 Horum
833 2623 929 2694 trium

83 2709 228 2800 primum
253 2733 299 2776 est
315 2713 498 2778 universale-
514 2713 748 2800 platonicorum
768 2756 778 2786 ,
807 2711 862 2795 qui
875 2712 929 2776 id·

86 2819 143 2866 eas
160 2798 279 2864 divinas
292 2847 303 2882 ‚
336 2819 372 2865 ut
394 2821 503 2866 causas
526 2823 627 2867 tetum
649 2799 842 2872 universales
867 2817 931 2860 sta-

86 2905 230 2954 tuerunt.
262 2890 358 2956 Stoici
382 2909 459 2956 veto
489 2907 520 2957 et
546 2887 720 2956 nominales
749 2908 815 2954 nou
844 2879 931 2953 aliud

131 2974 263 3044 Tom.I.
322 3051 328 3065 J
358 3010 361 3017 1
556 2975 599 3088 ‚F
