2258 3428
238 149 281 246 98
424 145 429 157 ⁹
479 177 661 225 rnsrrrvr.
695 177 831 226 unitos.

231 257 274 308 ‘su
300 243 440 338 physico
463 269 494 318 et
520 248 614 324 reali,
637 269 734 334 quum
763 270 848 315 mens
863 269 918 337 per
932 248 1073 316 abstrac-

190 345 196 360 “
234 339 354 406 tionem
389 361 435 403 res
466 337 626 428 concipiat
654 337 685 403 in
716 358 809 404 sensu
848 341 1071 432 metaphysico

239 442 270 489 et
296 421 427 493 formali.

233 509 237 520 '
303 511 409 582 Obice.
439 539 468 582 α.
498 516 561 595 Qui
590 536 626 579 ea
657 533 799 599 separat,
829 535 911 600 quae
937 517 1073 603 separari

235 605 302 664 iton
327 625 479 690 possunt,
495 623 526 670 et
543 605 723 691 distinguit,
740 625 822 692 quae
836 625 899 668 non
915 626 989 670 sunt
1006 607 1072 672 dis-

232 689 357 771 tincta,
386 693 411 757 is
441 695 575 770 fallitut3
605 695 660 757 sed
689 715 787 782 quum
825 692 940 782 gradus
975 715 1070 760 mett·

170 827 174 836 .
235 779 412 866 physicos,
441 801 498 849 aut
524 779 674 848 attributa
704 785 827 862 divina,
851 798 905 846 aut
930 781 990 847 alia
1016 781 1073 847 hu·

236 869 395 952 iusmodi,
418 895 499 964 quae
529 892 590 934 una
624 887 696 935 sunt
732 883 763 935 et
800 869 910 936 eadem
945 874 1074 952 entitas,

236 957 428 1043 cogitatione
454 982 540 1028 mens
579 977 727 1046 separat,
765 978 831 1022 turn
865 981 901 1024 ea
936 958 1071 1041 divellit,

235 1067 318 1132 quae
342 1052 476 1136 separari
504 1066 689 1137 nequeunt,
714 1047 983 1136 compositionem
1015 1053 1071 1114 lin·

236 1139 302 1225 git,
326 1135 378 1201 ubi
403 1139 488 1204 nulla
508 1157 576 1218 est,
595 1155 629 1201 ut
650 1137 680 1200 iu
705 1137 902 1218 Deo‚¹cuius
919 1135 1072 1203 attributa
1110 1175 1111 1178 ¹

236 1225 422 1315 distinguit3
449 1249 526 1316 ergo
547 1243 624 1302 tum¹
646 1227 775 1289 omnino
804 1221 935 1290 fallitur.
965 1224 1069 1314 Resp.
1110 1207 1111 1288 l

238 1314 312 1379 dist.
349 1317 418 1380 mai.
446 1340 456 1394 ;
480 1319 504 1380 si
530 1313 705 1380 intellectus
730 1311 847 1378 iudicio
871 1331 903 1378 et
929 1310 1070 1379 affirma·
1105 1384 1108 1401 ‚

236 1404 323 1468 tione
353 1421 390 1470 ea
417 1403 555 1483 divellit,
580 1425 663 1490 quae
691 1418 763 1465 suut
792 1423 889 1467 unum
919 1421 950 1467 et
987 1403 1069 1470 idem

236 1493 381 1572 realiter,
403 1509 470 1558 turn
495 1493 632 1570 fallitur,
655 1491 694 1556 C.
718 1493 764 1569 ‚si
791 1491 857 1556 sola
876 1491 1070 1576 praecisione

235 1583 285 1647 vel
309 1581 519 1647 abstractione
546 1582 666 1660 utitur,
691 1597 760 1642 tum
782 1576 916 1657 fallitur,
935 1580 982 1645 N;
999 1581 1070 1644 mai.
1110 1635 1111 1667 ,

235 1669 284 1734 Sic
307 1671 433 1737 minime
455 1689 538 1736 errat
557 1685 736 1760 geometra,
751 1667 804 1752 qui
822 1670 935 1734 lineam
950 1685 987 1734 ut
1001 1669 1068 1734 lon·

236 1759 408 1846 gitudinem
437 1776 559 1822 tantum
588 1759 652 1822 sine
679 1757 840 1822 latitudine
878 1758 1068 1824 considerat.

235 1847 286 1909 dic
308 1845 496 1936 theologus,
519 1847 573 1934 qni
591 1845 830 1910 misericordiam
845 1846 905 1910 Dei
923 1847 990 1914 sine
1006 1846 1069 1910 ius·

234 1933 301 1998 titia
328 1937 582 2022 contemplatur,
609 1926 673 1998 non
703 1930 838 2012 fallitur,
872 1956 978 2021 neque
1014 1935 1068 1998 ul-

235 2023 297 2089 lam
320 2023 350 2090 iu
373 2023 445 2090 Deo
467 2021 732 2112 compositionem
754 2021 895 2099 inducit,
913 2021 998 2111 quae
1017 2023 1069 2090 di-

234 2116 325 2179 vinae
350 2111 539 2200 simplicitati
564 2131 739 2200 repugnet,
764 2111 926 2197 quianon
951 2111 1070 2177 iudicat

139 2253 140 2256 η
235 2203 477 2269 misericordiam
500 2203 530 2264 in
553 2201 627 2266 Deo
652 2199 775 2266 realiter
798 2219 865 2265 esse
888 2199 1069 2266 distinctam

235 2293 404 2369 aiustitia,
427 2292 481 2356 sed
509 2291 612 2355 Deum
639 2287 772 2354 omnino·
798 2287 976 2376 simplicem
998 2312 1071 2354 mo·

232 2381 276 2446 do
292 2383 349 2447 sub
372 2399 515 2464 respectu
540 2379 732 2458 miserentis,
749 2376 848 2442 modo
869 2374 931 2443 sub
948 2399 1070 2468 respec-

234 2489 270 2538 tu
299 2471 454 2554 punientis
485 2468 675 2532 considerat.

223 2627 227 2635 ,
300 2557 378 2623 inst.
409 2565 448 2620 1.'
464 2555 546 2617 Hinc
569 2573 754 2642 sequeretur
767 2577 875 2620 veram
899 2576 967 2622 esse
980 2557 1072 2620 istam

231 2645 507 2734 propositionem:
526 2643 751 2710 misericordia
777 2645 847 2709 Dei
866 2660 916 2709 est
936 2648 1072 2710 iusticia
1109 2649 1110 2714 l

231 2733 303 2800 Dei
315 2761 323 2801 r
353 2731 464 2798 falsum
485 2753 707 2818 consequens3
731 2755 810 2822 ergo
829 2751 941 2800 etant.
965 2733 1069 2818 Resp.

221 2825 294 2908 ¹dist
316 2824 410 2888 mai:
440 2838 623 2910 sequeretur
647 2843 752 2886 veram
777 2841 841 2886 esse
861 2821 955 2885 istam
984 2843 1069 2910 pro-

231 2912 423 3004 positionem
447 2914 479 2976 ir't
493 2932 586 2978 sensu
600 2909 690 2980 reali
704 2927 735 2978 et
743 2909 876 3000 physico
885 2957 898 2992 ,
912 2911 953 2975 C.
969 2909 1039 2976 mai.
1057 2957 1071 2990 ,
