<?xml version="1.0" encoding="UTF-8"?>
<!DOCTYPE html PUBLIC "-//W3C//DTD XHTML 1.0 Transitional//EN"
    "http://www.w3.org/TR/xhtml1/DTD/xhtml1-transitional.dtd">
<html xmlns="http://www.w3.org/1999/xhtml" xml:lang="en" lang="en">
 <head>
  <title>
</title>
<meta http-equiv="Content-Type" content="text/html;charset=utf-8" />
  <meta name='ocr-system' content='tesseract 3.04.00' />
  <meta name='ocr-capabilities' content='ocr_page ocr_carea ocr_par ocr_line ocrx_word'/>
</head>
<body>
  <div class='ocr_page' id='page_1' title='image "./institutionesph00jacqgoog_0149.png"; bbox 0 0 2258 3428; ppageno 0'>
   <div class='ocr_carea' id='block_1_1' title="bbox 151 83 1124 2930">
    <p class='ocr_par' dir='ltr' id='par_1_1' title="bbox 187 83 1123 1068">
     <span class='ocr_line' id='line_1_1' title="bbox 222 83 817 155; baseline -0.003 -1"><span class='ocrx_word' id='word_1_1' title='bbox 222 83 287 155; x_wconf 73' lang='lat'>126</span> <span class='ocrx_word' id='word_1_2' title='bbox 476 105 659 154; x_wconf 77' lang='grc' dir='ltr'>ιιιετιτνι.</span> <span class='ocrx_word' id='word_1_3' title='bbox 682 106 817 154; x_wconf 74' lang='lat' dir='ltr'>tantos.</span> 
     </span>
     <span class='ocr_line' id='line_1_2' title="bbox 218 175 1122 268; baseline -0.003 -24"><span class='ocrx_word' id='word_1_4' title='bbox 218 176 455 268; x_wconf 75' lang='lat' dir='ltr'><strong>investigaverit</strong></span> <span class='ocrx_word' id='word_1_5' title='bbox 478 179 565 242; x_wconf 88' lang='lat' dir='ltr'>vocis</span> <span class='ocrx_word' id='word_1_6' title='bbox 591 175 653 242; x_wconf 80' lang='lat' dir='ltr'>lux</span> <span class='ocrx_word' id='word_1_7' title='bbox 668 176 921 268; x_wconf 84' lang='lat' dir='ltr'>significationem</span> <span class='ocrx_word' id='word_1_8' title='bbox 935 222 949 253; x_wconf 90' lang='lat'>,</span> <span class='ocrx_word' id='word_1_9' title='bbox 963 195 1060 263; x_wconf 87' lang='lat' dir='ltr'>quant</span> <span class='ocrx_word' id='word_1_10' title='bbox 1115 199 1122 224; x_wconf 53' lang='grc' dir='ltr'>ι’</span> 
     </span>
     <span class='ocr_line' id='line_1_3' title="bbox 219 263 1122 354; baseline 0 -24"><span class='ocrx_word' id='word_1_11' title='bbox 219 289 260 336; x_wconf 82' lang='lat' dir='ltr'>ex</span> <span class='ocrx_word' id='word_1_12' title='bbox 282 289 341 333; x_wconf 88' lang='lat' dir='ltr'>usu</span> <span class='ocrx_word' id='word_1_13' title='bbox 368 267 519 354; x_wconf 87' lang='lat' dir='ltr'>loquendi</span> <span class='ocrx_word' id='word_1_14' title='bbox 543 266 667 332; x_wconf 90' lang='lat' dir='ltr'>obtinet</span> <span class='ocrx_word' id='word_1_15' title='bbox 683 291 694 346; x_wconf 82' lang='lat'>3</span> <span class='ocrx_word' id='word_1_16' title='bbox 712 267 874 333; x_wconf 82' lang='lat' dir='ltr'>attendere</span> <span class='ocrx_word' id='word_1_17' title='bbox 894 263 997 330; x_wconf 88' lang='lat' dir='ltr'>debet</span> <span class='ocrx_word' id='word_1_18' title='bbox 1021 265 1060 330; x_wconf 87' lang='lat' dir='ltr'>ad</span> <span class='ocrx_word' id='word_1_19' title='bbox 1119 274 1122 335; x_wconf 76' lang='lat'>}</span> 
     </span>
     <span class='ocr_line' id='line_1_4' title="bbox 223 351 1061 442; baseline -0.006 -18"><span class='ocrx_word' id='word_1_20' title='bbox 223 378 276 424; x_wconf 90' lang='lat' dir='ltr'>eos</span> <span class='ocrx_word' id='word_1_21' title='bbox 304 376 396 423; x_wconf 86' lang='lat' dir='ltr'>casus</span> <span class='ocrx_word' id='word_1_22' title='bbox 425 356 596 442; x_wconf 89' lang='lat' dir='ltr'>inquibus</span> <span class='ocrx_word' id='word_1_23' title='bbox 624 357 677 421; x_wconf 84' lang='lat' dir='ltr'>lux</span> <span class='ocrx_word' id='word_1_24' title='bbox 707 354 843 434; x_wconf 83' lang='lat' dir='ltr'>adesse,</span> <span class='ocrx_word' id='word_1_25' title='bbox 869 352 920 420; x_wconf 87' lang='lat' dir='ltr'>vel</span> <span class='ocrx_word' id='word_1_26' title='bbox 948 351 1061 419; x_wconf 87' lang='lat' dir='ltr'>abesse</span> 
     </span>
     <span class='ocr_line' id='line_1_5' title="bbox 223 440 1064 534; baseline -0.006 -22"><span class='ocrx_word' id='word_1_27' title='bbox 223 444 368 523; x_wconf 87' lang='lat' dir='ltr'>dicitur,</span> <span class='ocrx_word' id='word_1_28' title='bbox 393 459 428 507; x_wconf 94' lang='lat' dir='ltr'>ut</span> <span class='ocrx_word' id='word_1_29' title='bbox 462 445 535 510; x_wconf 91' lang='lat' dir='ltr'>inde</span> <span class='ocrx_word' id='word_1_30' title='bbox 567 445 735 534; x_wconf 86' lang='lat' dir='ltr'>colligatur</span> <span class='ocrx_word' id='word_1_31' title='bbox 760 445 839 511; x_wconf 87' lang='lat' dir='ltr'>ratio</span> <span class='ocrx_word' id='word_1_32' title='bbox 856 490 867 523; x_wconf 94' lang='lat'>,</span> <span class='ocrx_word' id='word_1_33' title='bbox 902 440 1064 526; x_wconf 83' lang='lat' dir='ltr'>obqnam</span> 
     </span>
     <span class='ocr_line' id='line_1_6' title="bbox 224 531 1068 620; baseline -0.002 -21"><span class='ocrx_word' id='word_1_34' title='bbox 224 533 301 599; x_wconf 91' lang='lat' dir='ltr'>lucis</span> <span class='ocrx_word' id='word_1_35' title='bbox 318 533 526 620; x_wconf 89' lang='lat' dir='ltr'>praesentiam</span> <span class='ocrx_word' id='word_1_36' title='bbox 552 535 742 600; x_wconf 86' lang='lat' dir='ltr'>adseramns.</span> <span class='ocrx_word' id='word_1_37' title='bbox 770 531 930 612; x_wconf 83' lang='lat' dir='ltr'>Quoniam</span> <span class='ocrx_word' id='word_1_38' title='bbox 954 531 1068 616; x_wconf 86' lang='lat' dir='ltr'>itaque</span> 
     </span>
     <span class='ocr_line' id='line_1_7' title="bbox 222 619 1068 710; baseline -0.005 -22"><span class='ocrx_word' id='word_1_39' title='bbox 222 623 328 688; x_wconf 89' lang='lat' dir='ltr'>lucem</span> <span class='ocrx_word' id='word_1_40' title='bbox 347 620 457 696; x_wconf 78' lang='lat' dir='ltr'>adesse</span> <span class='ocrx_word' id='word_1_41' title='bbox 479 623 640 703; x_wconf 86' lang='lat' dir='ltr'>dicimus,</span> <span class='ocrx_word' id='word_1_42' title='bbox 660 624 738 690; x_wconf 90' lang='lat' dir='ltr'>dum</span> <span class='ocrx_word' id='word_1_43' title='bbox 759 619 1068 710; x_wconf 83' lang='lat' dir='ltr'>corpota&#39;circum-</span> 
     </span>
     <span class='ocr_line' id='line_1_8' title="bbox 222 709 1122 796; baseline -0.003 -19"><span class='ocrx_word' id='word_1_44' title='bbox 222 713 305 778; x_wconf 86' lang='lat' dir='ltr'>iecta</span> <span class='ocrx_word' id='word_1_45' title='bbox 322 710 430 776; x_wconf 84' lang='lat' dir='ltr'>videte</span> <span class='ocrx_word' id='word_1_46' title='bbox 450 731 618 796; x_wconf 87' lang='lat' dir='ltr'>possumus</span> <span class='ocrx_word' id='word_1_47' title='bbox 635 736 645 790; x_wconf 80' lang='lat'><em>3</em></span> <span class='ocrx_word' id='word_1_48' title='bbox 669 729 781 779; x_wconf 87' lang='lat' dir='ltr'>contra</span> <span class='ocrx_word' id='word_1_49' title='bbox 800 728 905 776; x_wconf 88' lang='lat' dir='ltr'>autem</span> <span class='ocrx_word' id='word_1_50' title='bbox 921 709 1065 774; x_wconf 87' lang='lat' dir='ltr'>nondum</span> <span class='ocrx_word' id='word_1_51' title='bbox 1121 743 1122 764; x_wconf 77' lang='lat'><em>2</em></span> 
     </span>
     <span class='ocr_line' id='line_1_9' title="bbox 223 797 1123 882; baseline -0.004 -18"><span class='ocrx_word' id='word_1_52' title='bbox 223 799 327 866; x_wconf 89' lang='lat' dir='ltr'>lucem</span> <span class='ocrx_word' id='word_1_53' title='bbox 356 798 467 866; x_wconf 83' lang='lat' dir='ltr'>adesse</span> <span class='ocrx_word' id='word_1_54' title='bbox 495 797 711 882; x_wconf 85' lang='lat' dir='ltr'>affirmamus,</span> <span class='ocrx_word' id='word_1_55' title='bbox 738 799 814 866; x_wconf 91' lang='lat' dir='ltr'>dum</span> <span class='ocrx_word' id='word_1_56' title='bbox 848 800 960 866; x_wconf 86' lang='lat' dir='ltr'>eadem</span> <span class='ocrx_word' id='word_1_57' title='bbox 986 819 1064 862; x_wconf 91' lang='lat' dir='ltr'>non·</span> <span class='ocrx_word' id='word_1_58' title='bbox 1122 821 1123 860; x_wconf 75' lang='lat'>1</span> 
     </span>
     <span class='ocr_line' id='line_1_10' title="bbox 225 887 1123 968; baseline -0.013 -10"><span class='ocrx_word' id='word_1_59' title='bbox 225 888 303 958; x_wconf 89' lang='lat' dir='ltr'>dum</span> <span class='ocrx_word' id='word_1_60' title='bbox 336 888 446 956; x_wconf 86' lang='lat' dir='ltr'>videre</span> <span class='ocrx_word' id='word_1_61' title='bbox 482 891 585 968; x_wconf 89' lang='lat' dir='ltr'>licet;</span> <span class='ocrx_word' id='word_1_62' title='bbox 615 888 689 954; x_wconf 92' lang='lat' dir='ltr'>hinc</span> <span class='ocrx_word' id='word_1_63' title='bbox 717 905 875 968; x_wconf 89' lang='lat' dir='ltr'>constat,</span> <span class='ocrx_word' id='word_1_64' title='bbox 899 887 978 952; x_wconf 90' lang='lat' dir='ltr'>lucis</span> <span class='ocrx_word' id='word_1_65' title='bbox 1003 908 1062 952; x_wconf 88' lang='lat' dir='ltr'>no-</span> <span class='ocrx_word' id='word_1_66' title='bbox 1120 911 1123 946; x_wconf 65' lang='lat'>1</span> 
     </span>
     <span class='ocr_line' id='line_1_11' title="bbox 187 973 1060 1068; baseline -0.005 -26"><span class='ocrx_word' id='word_1_67' title='bbox 187 973 192 982; x_wconf 83' lang='lat'><em>&#39;</em></span> <span class='ocrx_word' id='word_1_68' title='bbox 225 978 309 1044; x_wconf 86' lang='lat' dir='ltr'>mine</span> <span class='ocrx_word' id='word_1_69' title='bbox 337 1000 377 1044; x_wconf 81' lang='lat' dir='ltr'>ex</span> <span class='ocrx_word' id='word_1_70' title='bbox 407 998 465 1042; x_wconf 90' lang='lat' dir='ltr'>usu</span> <span class='ocrx_word' id='word_1_71' title='bbox 493 979 646 1068; x_wconf 89' lang='lat' dir='ltr'>loquendi</span> <span class='ocrx_word' id='word_1_72' title='bbox 676 977 840 1068; x_wconf 89' lang='lat' dir='ltr'>significati</span> <span class='ocrx_word' id='word_1_73' title='bbox 867 976 926 1054; x_wconf 93' lang='lat' dir='ltr'>id,</span> <span class='ocrx_word' id='word_1_74' title='bbox 951 974 984 1037; x_wconf 86' lang='lat' dir='ltr'>vi</span> <span class='ocrx_word' id='word_1_75' title='bbox 1006 995 1060 1040; x_wconf 86' lang='lat' dir='ltr'>cn-</span> 
     </span>
    </p>

    <p class='ocr_par' dir='ltr' id='par_1_2' title="bbox 224 1063 1124 2044">
     <span class='ocr_line' id='line_1_12' title="bbox 224 1063 1123 1158; baseline -0.004 -26"><span class='ocrx_word' id='word_1_76' title='bbox 224 1068 272 1132; x_wconf 87' lang='lat' dir='ltr'>ius</span> <span class='ocrx_word' id='word_1_77' title='bbox 290 1085 429 1153; x_wconf 84' lang='lat' dir='ltr'>corpora</span> <span class='ocrx_word' id='word_1_78' title='bbox 444 1066 543 1134; x_wconf 90' lang='lat' dir='ltr'>videti</span> <span class='ocrx_word' id='word_1_79' title='bbox 558 1086 702 1158; x_wconf 85' lang='lat' dir='ltr'>possunt.</span> <span class='ocrx_word' id='word_1_80' title='bbox 728 1067 829 1133; x_wconf 87' lang='lat' dir='ltr'>Porro</span> <span class='ocrx_word' id='word_1_81' title='bbox 849 1089 888 1134; x_wconf 85' lang='lat' dir='ltr'>ex</span> <span class='ocrx_word' id='word_1_82' title='bbox 903 1063 950 1129; x_wconf 93' lang='lat' dir='ltr'>his</span> <span class='ocrx_word' id='word_1_83' title='bbox 965 1064 1066 1129; x_wconf 89' lang='lat' dir='ltr'>omni·</span> <span class='ocrx_word' id='word_1_84' title='bbox 1121 1079 1123 1117; x_wconf 71' lang='lat'>1</span> 
     </span>
     <span class='ocr_line' id='line_1_13' title="bbox 226 1146 1117 1242; baseline 0 -22"><span class='ocrx_word' id='word_1_85' title='bbox 226 1154 287 1220; x_wconf 90' lang='lat' dir='ltr'>bus</span> <span class='ocrx_word' id='word_1_86' title='bbox 311 1154 461 1242; x_wconf 83' lang='lat' dir='ltr'>colligere</span> <span class='ocrx_word' id='word_1_87' title='bbox 485 1157 578 1224; x_wconf 87' lang='lat' dir='ltr'>licet:</span> <span class='ocrx_word' id='word_1_88' title='bbox 612 1175 731 1240; x_wconf 89' lang='lat' dir='ltr'>quanta</span> <span class='ocrx_word' id='word_1_89' title='bbox 756 1157 788 1222; x_wconf 92' lang='lat' dir='ltr'>in</span> <span class='ocrx_word' id='word_1_90' title='bbox 811 1154 981 1219; x_wconf 84' lang='lat' dir='ltr'>verborum</span> <span class='ocrx_word' id='word_1_91' title='bbox 1009 1173 1066 1220; x_wconf 89' lang='lat' dir='ltr'>usu</span> <span class='ocrx_word' id='word_1_92' title='bbox 1111 1146 1117 1165; x_wconf 91' lang='lat'>&#39;</span> 
     </span>
     <span class='ocr_line' id='line_1_14' title="bbox 226 1241 1123 1334; baseline -0.003 -26"><span class='ocrx_word' id='word_1_93' title='bbox 226 1241 408 1310; x_wconf 84' lang='lat' dir='ltr'>adhibenda</span> <span class='ocrx_word' id='word_1_94' title='bbox 435 1244 476 1306; x_wconf 88' lang='lat' dir='ltr'>sit</span> <span class='ocrx_word' id='word_1_95' title='bbox 504 1245 691 1334; x_wconf 83' lang='lat' dir='ltr'>diligentia,</span> <span class='ocrx_word' id='word_1_96' title='bbox 724 1266 763 1312; x_wconf 90' lang='lat' dir='ltr'>ne</span> <span class='ocrx_word' id='word_1_97' title='bbox 792 1241 989 1332; x_wconf 84' lang='lat' dir='ltr'>decipiamur</span> <span class='ocrx_word' id='word_1_98' title='bbox 1009 1263 1068 1305; x_wconf 90' lang='lat' dir='ltr'>no-</span> <span class='ocrx_word' id='word_1_99' title='bbox 1122 1327 1123 1330; x_wconf 8' lang='grc' dir='ltr'><strong>Ἴ</strong></span> 
     </span>
     <span class='ocr_line' id='line_1_15' title="bbox 227 1329 1072 1422; baseline -0.001 -25"><span class='ocrx_word' id='word_1_100' title='bbox 227 1333 351 1397; x_wconf 91' lang='lat' dir='ltr'>tionum</span> <span class='ocrx_word' id='word_1_101' title='bbox 376 1329 528 1412; x_wconf 85' lang='lat' dir='ltr'>fallacia,</span> <span class='ocrx_word' id='word_1_102' title='bbox 547 1354 642 1420; x_wconf 87' lang='lat' dir='ltr'>atque</span> <span class='ocrx_word' id='word_1_103' title='bbox 670 1355 769 1422; x_wconf 83' lang='lat' dir='ltr'>vaga,</span> <span class='ocrx_word' id='word_1_104' title='bbox 784 1349 816 1400; x_wconf 94' lang='lat' dir='ltr'>et</span> <span class='ocrx_word' id='word_1_105' title='bbox 840 1331 1072 1398; x_wconf 80' lang='lat' dir='ltr'>indetermina-</span> 
     </span>
     <span class='ocr_line' id='line_1_16' title="bbox 229 1420 674 1510; baseline 0.004 -25"><span class='ocrx_word' id='word_1_106' title='bbox 229 1437 263 1485; x_wconf 84' lang='lat' dir='ltr'>ta</span> <span class='ocrx_word' id='word_1_107' title='bbox 291 1441 409 1485; x_wconf 87' lang='lat' dir='ltr'>vocum</span> <span class='ocrx_word' id='word_1_108' title='bbox 436 1420 674 1510; x_wconf 87' lang='lat' dir='ltr'>significatione.</span> 
     </span>
     <span class='ocr_line' id='line_1_17' title="bbox 238 1508 1067 1600; baseline -0.001 -26"><span class='ocrx_word' id='word_1_109' title='bbox 238 1587 239 1598; x_wconf 9' lang='grc' dir='ltr'>ἵ</span> <span class='ocrx_word' id='word_1_110' title='bbox 272 1508 315 1574; x_wconf 91' lang='grc' dir='ltr'>Χ.</span> <span class='ocrx_word' id='word_1_111' title='bbox 364 1508 584 1600; x_wconf 83' lang='lat' dir='ltr'>Praescriptae</span> <span class='ocrx_word' id='word_1_112' title='bbox 598 1509 892 1600; x_wconf 79' lang='lat' dir='ltr'>hactenusregulae</span> <span class='ocrx_word' id='word_1_113' title='bbox 907 1508 948 1575; x_wconf 91' lang='lat' dir='ltr'>de</span> <span class='ocrx_word' id='word_1_114' title='bbox 966 1527 1067 1572; x_wconf 88' lang='lat' dir='ltr'>voca·</span> 
     </span>
     <span class='ocr_line' id='line_1_18' title="bbox 227 1595 1073 1688; baseline -0.005 -22"><span class='ocrx_word' id='word_1_115' title='bbox 227 1595 379 1666; x_wconf 84' lang='lat' dir='ltr'>hulotum</span> <span class='ocrx_word' id='word_1_116' title='bbox 403 1611 463 1663; x_wconf 81' lang='lat' dir='ltr'>u‘su</span> <span class='ocrx_word' id='word_1_117' title='bbox 479 1599 609 1666; x_wconf 89' lang='lat' dir='ltr'>cuilibet</span> <span class='ocrx_word' id='word_1_118' title='bbox 625 1599 779 1667; x_wconf 83' lang='lat' dir='ltr'>scribendi</span> <span class='ocrx_word' id='word_1_119' title='bbox 801 1599 905 1688; x_wconf 84' lang='lat' dir='ltr'>genesi</span> <span class='ocrx_word' id='word_1_120' title='bbox 920 1618 1073 1662; x_wconf 88' lang='lat' dir='ltr'>commu·</span> 
     </span>
     <span class='ocr_line' id='line_1_19' title="bbox 228 1685 1074 1778; baseline -0.007 -24"><span class='ocrx_word' id='word_1_121' title='bbox 228 1708 285 1770; x_wconf 87' lang='lat' dir='ltr'>nes</span> <span class='ocrx_word' id='word_1_122' title='bbox 306 1705 393 1752; x_wconf 84' lang='lat' dir='ltr'>sunt.</span> <span class='ocrx_word' id='word_1_123' title='bbox 420 1690 465 1753; x_wconf 86' lang='lat' dir='ltr'>At</span> <span class='ocrx_word' id='word_1_124' title='bbox 482 1687 522 1756; x_wconf 86' lang='lat' dir='ltr'>de</span> <span class='ocrx_word' id='word_1_125' title='bbox 546 1690 619 1754; x_wconf 88' lang='lat' dir='ltr'>stilo</span> <span class='ocrx_word' id='word_1_126' title='bbox 632 1687 857 1778; x_wconf 88' lang='lat' dir='ltr'>philosophico</span> <span class='ocrx_word' id='word_1_127' title='bbox 883 1685 989 1774; x_wconf 88' lang='lat' dir='ltr'>aliqua</span> <span class='ocrx_word' id='word_1_128' title='bbox 1010 1705 1074 1748; x_wconf 89' lang='lat' dir='ltr'>su-</span> 
     </span>
     <span class='ocr_line' id='line_1_20' title="bbox 227 1773 1075 1866; baseline -0.005 -24"><span class='ocrx_word' id='word_1_129' title='bbox 227 1794 365 1864; x_wconf 86' lang='lat' dir='ltr'>persunt</span> <span class='ocrx_word' id='word_1_130' title='bbox 377 1773 587 1848; x_wconf 77' lang='lat' dir='ltr'>observanda.</span> <span class='ocrx_word' id='word_1_131' title='bbox 600 1777 810 1866; x_wconf 87' lang='lat' dir='ltr'>Philosophus</span> <span class='ocrx_word' id='word_1_132' title='bbox 825 1773 935 1843; x_wconf 83' lang='lat' dir='ltr'>scribit</span> <span class='ocrx_word' id='word_1_133' title='bbox 944 1821 954 1854; x_wconf 92' lang='lat'>,</span> <span class='ocrx_word' id='word_1_134' title='bbox 963 1793 1000 1840; x_wconf 89' lang='lat' dir='ltr'>ut</span> <span class='ocrx_word' id='word_1_135' title='bbox 1009 1773 1075 1839; x_wconf 88' lang='lat' dir='ltr'>do·</span> 
     </span>
     <span class='ocr_line' id='line_1_21' title="bbox 228 1864 1075 1955; baseline -0.001 -25"><span class='ocrx_word' id='word_1_136' title='bbox 228 1881 330 1944; x_wconf 70' lang='lat' dir='ltr'>neat,</span> <span class='ocrx_word' id='word_1_137' title='bbox 356 1884 421 1927; x_wconf 88' lang='lat' dir='ltr'>non</span> <span class='ocrx_word' id='word_1_138' title='bbox 445 1881 483 1930; x_wconf 89' lang='lat' dir='ltr'>nt</span> <span class='ocrx_word' id='word_1_139' title='bbox 498 1879 646 1947; x_wconf 81' lang='lat' dir='ltr'>moveat,</span> <span class='ocrx_word' id='word_1_140' title='bbox 664 1867 754 1955; x_wconf 92' lang='lat' dir='ltr'>quod</span> <span class='ocrx_word' id='word_1_141' title='bbox 768 1864 843 1932; x_wconf 81' lang='lat' dir='ltr'>facit</span> <span class='ocrx_word' id='word_1_142' title='bbox 858 1883 989 1940; x_wconf 64' lang='lat' dir='ltr'>oraton</span> <span class='ocrx_word' id='word_1_143' title='bbox 1009 1887 1075 1929; x_wconf 87' lang='lat' dir='ltr'>ne-</span> 
     </span>
     <span class='ocr_line' id='line_1_22' title="bbox 230 1950 1124 2044; baseline -0.001 -24"><span class='ocrx_word' id='word_1_144' title='bbox 230 1974 297 2039; x_wconf 85' lang='lat' dir='ltr'>que</span> <span class='ocrx_word' id='word_1_145' title='bbox 318 1969 354 2016; x_wconf 89' lang='lat' dir='ltr'>ut</span> <span class='ocrx_word' id='word_1_146' title='bbox 378 1952 539 2034; x_wconf 86' lang='lat' dir='ltr'>delectet,</span> <span class='ocrx_word' id='word_1_147' title='bbox 563 1956 654 2044; x_wconf 86' lang='lat' dir='ltr'>qnod</span> <span class='ocrx_word' id='word_1_148' title='bbox 672 1956 808 2022; x_wconf 87' lang='lat' dir='ltr'>intendit</span> <span class='ocrx_word' id='word_1_149' title='bbox 833 1960 938 2043; x_wconf 71' lang='lat' dir='ltr'>polita.</span> <span class='ocrx_word' id='word_1_150' title='bbox 955 1950 1077 2038; x_wconf 87' lang='lat' dir='ltr'>Itaque</span> <span class='ocrx_word' id='word_1_151' title='bbox 1123 2027 1124 2030; x_wconf 8' lang='grc' dir='ltr'><strong>Ἴ</strong></span> 
     </span>
    </p>

    <p class='ocr_par' dir='ltr' id='par_1_3' title="bbox 151 2040 1124 2410">
     <span class='ocr_line' id='line_1_23' title="bbox 151 2040 1124 2132; baseline 0.001 -29"><span class='ocrx_word' id='word_1_152' title='bbox 151 2050 154 2056; x_wconf 85' lang='grc'><strong>’</strong></span> <span class='ocrx_word' id='word_1_153' title='bbox 229 2040 262 2104; x_wconf 91' lang='lat' dir='ltr'>in</span> <span class='ocrx_word' id='word_1_154' title='bbox 284 2040 487 2129; x_wconf 88' lang='lat' dir='ltr'>philosophia</span> <span class='ocrx_word' id='word_1_155' title='bbox 502 2045 686 2132; x_wconf 83' lang='lat' dir='ltr'>praesertim</span> <span class='ocrx_word' id='word_1_156' title='bbox 709 2045 817 2111; x_wconf 81' lang='lat' dir='ltr'>lotum</span> <span class='ocrx_word' id='word_1_157' title='bbox 843 2041 960 2110; x_wconf 89' lang='lat' dir='ltr'>habete</span> <span class='ocrx_word' id='word_1_158' title='bbox 976 2041 1079 2107; x_wconf 88' lang='lat' dir='ltr'>debet</span> <span class='ocrx_word' id='word_1_159' title='bbox 1123 2041 1124 2104; x_wconf 82' lang='lat'>3</span> 
     </span>
     <span class='ocr_line' id='line_1_24' title="bbox 241 2129 1079 2222; baseline 0.002 -28"><span class='ocrx_word' id='word_1_160' title='bbox 241 2129 394 2196; x_wconf 81' lang='lat' dir='ltr'>sermonis</span> <span class='ocrx_word' id='word_1_161' title='bbox 409 2133 613 2221; x_wconf 87' lang='lat' dir='ltr'>simplicitas,</span> <span class='ocrx_word' id='word_1_162' title='bbox 624 2155 683 2199; x_wconf 89' lang='lat' dir='ltr'>nec</span> <span class='ocrx_word' id='word_1_163' title='bbox 696 2133 842 2222; x_wconf 85' lang='lat' dir='ltr'>pluribus</span> <span class='ocrx_word' id='word_1_164' title='bbox 856 2131 1014 2199; x_wconf 87' lang='lat' dir='ltr'>utendum</span> <span class='ocrx_word' id='word_1_165' title='bbox 1028 2147 1079 2196; x_wconf 87' lang='lat' dir='ltr'>est</span> 
     </span>
     <span class='ocr_line' id='line_1_25' title="bbox 233 2218 1080 2310; baseline 0.006 -29"><span class='ocrx_word' id='word_1_166' title='bbox 233 2218 368 2297; x_wconf 87' lang='lat' dir='ltr'>verbis,</span> <span class='ocrx_word' id='word_1_167' title='bbox 404 2241 500 2307; x_wconf 89' lang='lat' dir='ltr'>quam</span> <span class='ocrx_word' id='word_1_168' title='bbox 526 2245 608 2310; x_wconf 87' lang='lat' dir='ltr'>quae</span> <span class='ocrx_word' id='word_1_169' title='bbox 639 2224 712 2288; x_wconf 87' lang='lat' dir='ltr'>satis</span> <span class='ocrx_word' id='word_1_170' title='bbox 746 2239 818 2288; x_wconf 88' lang='lat' dir='ltr'>sunt</span> <span class='ocrx_word' id='word_1_171' title='bbox 844 2222 885 2287; x_wconf 87' lang='lat' dir='ltr'>ad</span> <span class='ocrx_word' id='word_1_172' title='bbox 909 2221 1080 2286; x_wconf 83' lang='lat' dir='ltr'>veritatem</span> 
     </span>
     <span class='ocr_line' id='line_1_26' title="bbox 232 2301 1080 2410; baseline -0.002 -36"><span class='ocrx_word' id='word_1_173' title='bbox 232 2309 319 2374; x_wconf 89' lang='lat' dir='ltr'>nude</span> <span class='ocrx_word' id='word_1_174' title='bbox 347 2301 596 2410; x_wconf 79' lang='lat' dir='ltr'>proponendam</span> <span class='ocrx_word' id='word_1_175' title='bbox 619 2327 662 2377; x_wconf 87' lang='lat' dir='ltr'>et</span> <span class='ocrx_word' id='word_1_176' title='bbox 688 2311 921 2400; x_wconf 83' lang='lat' dir='ltr'>explicandam.</span> <span class='ocrx_word' id='word_1_177' title='bbox 946 2309 1080 2376; x_wconf 86' lang='lat' dir='ltr'>Etenim</span> 
     </span>
    </p>

    <p class='ocr_par' dir='ltr' id='par_1_4' title="bbox 167 2395 1081 2930">
     <span class='ocr_line' id='line_1_27' title="bbox 167 2395 1079 2484; baseline 0.001 -25"><span class='ocrx_word' id='word_1_178' title='bbox 167 2412 169 2420; x_wconf 80' lang='grc'>’</span> <span class='ocrx_word' id='word_1_179' title='bbox 231 2395 1079 2484; x_wconf 80' lang='lat' dir='ltr'>philosophtaccutatastraduntretumdefinitiones,</span> 
     </span>
     <span class='ocr_line' id='line_1_28' title="bbox 232 2486 1079 2578; baseline -0.008 -22"><span class='ocrx_word' id='word_1_180' title='bbox 232 2509 316 2572; x_wconf 82' lang='lat' dir='ltr'>quae</span> <span class='ocrx_word' id='word_1_181' title='bbox 340 2486 409 2550; x_wconf 82' lang='lat' dir='ltr'>sine</span> <span class='ocrx_word' id='word_1_182' title='bbox 422 2486 492 2550; x_wconf 76' lang='lat' dir='ltr'>ullis</span> <span class='ocrx_word' id='word_1_183' title='bbox 516 2489 687 2556; x_wconf 84' lang='lat' dir='ltr'>verborum</span> <span class='ocrx_word' id='word_1_184' title='bbox 702 2486 888 2578; x_wconf 84' lang='lat' dir='ltr'>ambagibus</span> <span class='ocrx_word' id='word_1_185' title='bbox 900 2507 1006 2552; x_wconf 84' lang='lat' dir='ltr'>rernm</span> <span class='ocrx_word' id='word_1_186' title='bbox 1021 2487 1079 2572; x_wconf 88' lang='lat' dir='ltr'>ip-</span> 
     </span>
     <span class='ocr_line' id='line_1_29' title="bbox 235 2573 1081 2680; baseline 0 -44"><span class='ocrx_word' id='word_1_187' title='bbox 235 2595 340 2638; x_wconf 83' lang='lat' dir='ltr'>sarum</span> <span class='ocrx_word' id='word_1_188' title='bbox 361 2577 529 2640; x_wconf 86' lang='lat' dir='ltr'>essentiam</span> <span class='ocrx_word' id='word_1_189' title='bbox 554 2599 595 2642; x_wconf 88' lang='lat' dir='ltr'>ex</span> <span class='ocrx_word' id='word_1_190' title='bbox 617 2578 741 2666; x_wconf 86' lang='lat' dir='ltr'>logicae</span> <span class='ocrx_word' id='word_1_191' title='bbox 766 2577 947 2680; x_wconf 84' lang='lat' dir='ltr'>praeceptis</span> <span class='ocrx_word' id='word_1_192' title='bbox 966 2573 1081 2662; x_wconf 85' lang='lat' dir='ltr'>expli-</span> 
     </span>
     <span class='ocr_line' id='line_1_30' title="bbox 232 2659 1080 2754; baseline 0.005 -30"><span class='ocrx_word' id='word_1_193' title='bbox 232 2659 517 2728; x_wconf 82' lang='lat' dir='ltr'>caredebent.1n</span> <span class='ocrx_word' id='word_1_194' title='bbox 542 2666 813 2752; x_wconf 86' lang='lat' dir='ltr'>propositionibus</span> <span class='ocrx_word' id='word_1_195' title='bbox 841 2663 1080 2754; x_wconf 74' lang='lat' dir='ltr'>philosophicis</span> 
     </span>
     <span class='ocr_line' id='line_1_31' title="bbox 233 2750 1078 2824; baseline -0.005 -6"><span class='ocrx_word' id='word_1_196' title='bbox 233 2750 464 2818; x_wconf 80' lang='lat' dir='ltr'>determinatur</span> <span class='ocrx_word' id='word_1_197' title='bbox 489 2754 714 2820; x_wconf 85' lang='lat' dir='ltr'>convenientia</span> <span class='ocrx_word' id='word_1_198' title='bbox 730 2759 781 2824; x_wconf 83' lang='lat' dir='ltr'>vel</span> <span class='ocrx_word' id='word_1_199' title='bbox 795 2751 861 2822; x_wconf 81' lang='lat' dir='ltr'>non</span> <span class='ocrx_word' id='word_1_200' title='bbox 875 2757 1078 2820; x_wconf 84' lang='lat' dir='ltr'>convenien-</span> 
     </span>
     <span class='ocr_line' id='line_1_32' title="bbox 231 2839 1076 2930; baseline -0.001 -22"><span class='ocrx_word' id='word_1_201' title='bbox 231 2840 275 2908; x_wconf 85' lang='lat' dir='ltr'>tia</span> <span class='ocrx_word' id='word_1_202' title='bbox 301 2839 474 2928; x_wconf 83' lang='lat' dir='ltr'>praedicati</span> <span class='ocrx_word' id='word_1_203' title='bbox 499 2863 572 2910; x_wconf 87' lang='lat' dir='ltr'>cum</span> <span class='ocrx_word' id='word_1_204' title='bbox 597 2843 764 2930; x_wconf 85' lang='lat' dir='ltr'>subiecto,</span> <span class='ocrx_word' id='word_1_205' title='bbox 789 2863 848 2912; x_wconf 85' lang='lat' dir='ltr'>nec</span> <span class='ocrx_word' id='word_1_206' title='bbox 869 2863 935 2912; x_wconf 87' lang='lat' dir='ltr'>non</span> <span class='ocrx_word' id='word_1_207' title='bbox 948 2863 1076 2910; x_wconf 86' lang='lat' dir='ltr'>conve-</span> 
     </span>
    </p>
   </div>
   <div class='ocr_carea' id='block_1_2' title="bbox 0 0 1150 3428">
    <p class='ocr_par' dir='ltr' id='par_1_5' title="bbox 0 0 1150 3428">
     <span class='ocr_line' id='line_1_33' title="bbox 0 0 1150 3428; baseline 0 0"><span class='ocrx_word' id='word_1_208' title='bbox 0 0 1150 3428; x_wconf 95' lang='lat' dir='ltr'> </span> 
     </span>
    </p>
   </div>
  </div>
 </body>
</html>
