2270 3416
329 135 418 182 rans
434 133 475 180 rr.
496 119 654 180 sturton.
668 130 745 179 orna
761 131 791 177 r.
941 121 1011 208 '¹³⁹

7 265 20 284 Ι,
105 206 167 272 n'el
192 205 283 273 etiam
309 225 348 272 rx
366 206 534 291 propositis
551 199 752 290 opinionibus
767 197 858 266 aliam
873 207 1014 290 quamlis-

10 354 19 377 f
107 293 169 360 bet
198 315 323 372 tenere,
353 309 384 358 et
415 290 616 357 difficultatis·
631 291 751 355 nodum
768 293 871 352 statim
890 293 1013 380 solvere

1 385 18 457 ’ζ
115 376 1015 469 expeditumfuisset.Verumindemonstrationibusphi·

7 472 19 556 j
105 470 314 557 filosophici&
328 491 410 557 quae
424 468 463 534 ad
480 487 606 534 sanctae
618 465 771 555 religionis
782 464 931 554 dogmata
944 493 1015 557 per-

7 563 18 574 '
119 560 243 636 tinent,
269 559 300 623 id
329 577 451 646 semper
478 555 620 644 religiose
639 551 776 632 curabo,
807 573 843 619 ut
867 578 1016 646 nempca

1 717 15 729 Ἴ,
115 647 384 736 philosophorum
407 643 527 736 placitis
553 643 675 710 minime
692 641 859 730 pendeant.
885 644 928 709 Et
942 671 1016 714 cer-

105 754 151 802 -te
177 735 312 822 probare
327 757 391 800 non
418 755 545 822 possum
563 729 722 818 quosdam
747 733 935 818 scriptores,
961 737 1015 822 qui

2 823 15 845 ²
110 826 240 909 optimo
265 825 390 910 quidem
410 824 470 888 frne
493 819 548 887 sed
568 821 735 886 ardentiori
751 820 853 882 animo
869 822 958 888 velut
973 826 1015 888 fi-

7 985 14 999 ⁴
105 911 170 978 -dei
183 911 355 976 contrarias
378 912 548 976 traducunt
568 907 803 996 philosophicas
818 909 983 994 opiniones
997 933 1016 980 a

10 1013 16 1022 '
120 999 197 1065 uiris
207 998 368 1064 catholicis
384 1019 414 1066 et
432 1002 630 1084 incorruptae
646 997 717 1062 fidei
734 1015 962 1084 propugnatas.
973 1000 1017 1068 Hi

119 1087 250 1174 quidem
281 1085 356 1152 dum
385 1087 522 1176 religioni
551 1083 701 1173 prodesse
729 1085 840 1147 volunt
857 1117 880 1162 ,·
901 1107 1016 1157 nocent

2 1179 14 1204 ⁴
124 1174 305 1262 plurimum.
332 1173 559 1252 obsistendum
582 1172 707 1262 quidem
728 1191 776 1238 est
791 1189 863 1236 toto
886 1194 1017 1260 pectore

120 1264 302 1352 perniciosis
320 1266 551 1348 temerariisqlle
568 1261 790 1349 opinionibus,
807 1261 859 1340 sed
882 1261 1016 1353 benigni:

1 1375 7 1384 ’·
108 1349 285 1418 ‘tractanda
302 1375 372 1418 sunt
390 1349 720 1440 illaphilosophorum
737 1351 872 1438 placita,
891 1356 1015 1448 quaein

119 1439 413 1506 scholis'catholicis
437 1439 563 1504 innoxie
586 1443 620 1504 et‘
640 1439 704 1502 sine
728 1435 908 1504 temeritatis
938 1459 1016 1510 nota

109 1527 343 1596 cdefenduntur.
364 1528 472 1616 Atq'ue
488 1526 520 1591 id
538 1524 671 1592 maxime
693 1529 867 1591 cavendum
884 1547 951 1606 est,
975 1551 1015 1598 ne

119 1619 251 1703 aliquod
266 1618 444 1703 theologiae
462 1614 608 1680 naturalis
631 1613 746 1702 dogma
771 1615 920 1679 innitatur
945 1615 1014 1706 hyl.

119 1704 246 1793 pothesi
272 1725 325 1772 aut
348 1707 439 1769 alicui
456 1721 661 1792 argumento,
683 1703 803 1787 quoda
820 1699 1014 1791 philosopho

120 1791 280 1858 catholico
306 1796 408 1881 negari
433 1795 541 1878 possit.
571 1789 654 1857 Illud
685 1789 811 1878 quidem
843 1792 1015 1858 saluberrir-

110 1902 209 1944 ,mum
232 1883 390 1946 consiliu-m
422 1883 478 1960 iis,
500 1880 551 1946 vel
574 1881 704 1944 maxime
735 1879 882 1944 inculcari
907 1881 1013 1962 debet,

121 1967 239 2058 quibus
257 1988 367 2034 contra
383 1969 561 2034 incredulos
586 1967 702 2034 tuenda
717 1983 811 2056 atque
826 1968 1014 2044 vindicanda

122 2075 197 2126 suot
212 2055 390 2151 theologiae
413 2057 560 2123 naturalis
574 2057 733 2145 dogmata.

392 2331 394 2336 Α
405 2230 682 2332 rnrrovavs
695 2227 742 2296 11.

373 2407 430 2502 Dr
450 2407 569 2477 divinis
589 2407 776 2481 attributis.
820 2459 822 2464 ,

130 2607 255 2738 Deus
280 2673 480 2758 semetipsum
502 2689 534 2738 et
556 2672 677 2751 omnia,
704 2669 866 2759 quaesibi
896 2669 1018 2753 insunt,

105 2756 357 2837 „distinctissime
382 2780 412 2826 et
439 2760 533 2824 unico
548 2781 622 2826 actu
647 2783 700 2828 seu
727 2762 816 2826 simul
840 2761 1017 2848 cognoscit.

103 2847 209 2912 ‘Nam
224 2849 325 2913 anima
341 2845 473 2913 humana
490 2849 687 2937 semetipsam
700 2850 882 2938 cognoscit,
897 2851 1017 2924 erhae'c
1078 2904 1080 2916 .

127 2938 173 3000 sui
197 2937 297 3025 ipsius·
308 2939 446 3026 cognitio
460 2955 506 3002 est
523 2936 693 3024 perfectio,
716 2947 796 3022 quae
814 2937 1017 3024 animae‘hlu·
1121 3011 1123 3018 ,

125 3045 237 3092 manae
252 3047 325 3092 vere
340 3027 441 3104 inest;
457 3025 512 3092 sed
527 3026 598 3092 Deo
614 3024 796 3095 tribuendae
812 3044 883 3088 sunt
894 3023 1019 3111 perfec-
