2258 3428
84 221 88 233 Ι
167 150 172 156 ’
221 131 284 220 20'4'
434 128 827 206 'tmsnsuvmnnubm
884 129 891 144 ''

215 230 355 298 advectis
370 228 568 308 obductum,
593 249 645 296 est
667 230 791 318 signum
809 225 936 315 pluviae
953 226 1056 294 immi·

215 321 344 397 nentis3
374 321 476 386 sulum
505 319 671 406 humidum
698 337 745 385 est
760 321 878 410 signum
891 365 902 396 ,
925 319 1055 404 pluviat

215 409 375 496 delapsae.
397 404 500 495 Igitur
525 411 646 495 signum
671 407 756 472 aliud
782 425 828 472 est
848 405 1057 492 demonstras

213 499 339 584 tivum,
373 517 511 584 nempe,
546 503 577 560 si
603 519 655 562 res
685 492 872 587 significem
898 509 1066 580 praesens

215 581 272 650 fit.
300 585 349 649 Sic
375 607 414 648 ex
442 585 555 664 vultu,
582 607 684 662 voce,
711 592 801 670 gestu
821 583 982 649 hominem
1001 585 1058 649 ira·

214 693 285 738 tum
317 672 524 762 intelligimus.
553 674 651 741 Aliud
669 679 910 764 prognosticum
927 673 1003 750 est‚²
1030 675 1059 737 si

216 784 270 828 res
293 759 481 850 significata
494 759 620 842 futura
639 768 713 837 sit,
742 762 847 848 qualia
872 777 945 832 sunt
974 761 1057 852 signa

219 851 417 935 tempestatis
442 848 642 916 imminentis·
669 849 768 916 Aliud
796 850 932 937 denique
954 871 1057 937 reyme-

217 945 410 1006 t‘nurntt'vnm
429 962 483 1006 seu
500 937 684 1004 memoriale
700 933 862 1016 vocatut',
879 942 911 1004 si
926 959 981 1002 res
994 943 1058 1026 sig·

216 1023 353 1107 nificnta
373 1031 561 1116 praeterita
585 1032 651 1106 sit,
667 1027 830 1114 qualis'est
840 1072 850 1110 ,
867 1027 915 1091 iris
933 1027 1055 1118 signum

218 1112 378 1193 foederis,
406 1117 495 1202 quod
517 1117 604 1180 Deus
621 1137 692 1180 cum
713 1117 842 1182 Nodmo
856 1115 992 1204 pepigit.

263 1201 309 1268 ΙΙ.
356 1204 484 1292 Signum
514 1205 627 1268 iterum
652 1201 804 1269 dividitur
832 1205 864 1268 in
888 1201 1057 1286 naturale,

219 1309 251 1356 et
274 1293 491 1358 arbitrarium
513 1313 568 1358 seu
591 1287 781 1374 artificiale.
808 1290 976 1357 Naturale
993 1294 1056 1382 sig-

220 1400 296 1444 num
329 1398 397 1456 est,
434 1379 524 1475 quod
552 1383 603 1445 rei
633 1376 740 1466 ipsius
765 1377 972 1484 significatus
997 1403 1056 1445 ra-

220 1472 337 1536 tionem
366 1471 458 1534 inse
488 1475 557 1557 ipso
587 1473 749 1546 nominem
777 1491 841 1534 stve
874 1467 1000 1555 signum
1026 1483 1055 1532 et

220 1578 268 1624 res
292 1559 459 1648 significata
486 1579 542 1644 per
566 1578 671 1640 rerum
696 1578 839 1645 naturam
866 1558 1052 1648 co'e‘xistant,

223 1663 259 1710 ut
281 1643 384 1711 fumus
405 1643 599 1712 adscendens
627 1664 659 1712 et
685 1643 782 1734 ignis,
801 1647 866 1711 sive
880 1667 913 1711 se
927 1647 1053 1710 invicem

224 1753 394 1820 sequantur
403 1779 420 1810 ,1
450 1751 487 1798 ut
519 1735 579 1800 soii
603 1733 769 1800 humiditas
800 1751 832 1800 et
861 1734 968 1820 pludia
996 1731 1052 1799 de·

222 1822 321 1908 lapsa.
357 1820 582 1908 Vnde·signa
610 1823 761 1888 naturalia
789 1823 938 1888 dicuntur
968 1823 1054 1888 etiam

221 1909 409 1987 necessaria,
435 1907 508 1994 quia
523 1909 633 1996 positis
647 1910 741 2000 signis
756 1909 975 1988 naturalibus,
993 1929 1053 1996 po-

222 1996 307 2061 nitur
329 1997 408 2061 mtio
429 1997 684 2086 significationis,
705 2022 741 2065 ac
766 1999 898 2087 proinde
922 2021 970 2064 res
991 1999 1054 2087 ipsa

218 2085 406 2175 significata.
432 2087 516 2152 Hinc
543 2089 629 2180 signa
653 2086 704 2153 ilia
732 2109 772 2156 ex
798 2089 962 2153 hominum
992 2089 1053 2152 ius·

223 2177 319 2239 tituto
344 2197 376 2241 et
400 2173 529 2242 arbitrio
549 2199 613 2240 non
636 2175 786 2268 pendent.
809 2177 909 2266 Signis
932 2193 1054 2241 natuta-

215 2261 301 2326 'libus
324 2282 532 2352 opponuntur
558 2265 645 2354 signa
668 2261 865 2349 artificialia
887 2285 942 2330 seu
964 2265 1053 2330 arbi·

222 2358 353 2431 traria,
376 2369 407 2419 et
428 2376 463 2419 ea
480 2370 570 2432 sunt,
586 2375 718 2444 quorum
734 2357 783 2419 uis
798 2351 1005 2442 significandi
1014 2349 1054 2414 ab
1113 2409 1114 2432 ξ

222 2443 292 2528 ijtso
313 2439 494 2506 voluntatis
509 2443 648 2509 arbitrio
659 2440 786 2532 pendet
799 2490 810 2520 ,
826 2457 862 2506 ut
877 2460 951 2506 sunt
965 2455 1055 2530 notae
1113 2449 1114 2472 ¹

168 2533 184 2568 '¹
216 2529 418 2605 numericam
442 2527 557 2614 quibus
591 2530 644 2596 ad·
671 2530 877 2618 designandos
913 2543 1054 2594 numeros
1113 2535 1114 2582 t

212 2618 340 2710 rutimur
367 2618 398 2682 in
423 2617 633 2686 arithmetica.
663 2619 747 2682 Hinc
773 2619 894 2706 signum
921 2618 1055 2684 arbitra-

218 2703 303 2768 'rium
326 2727 381 2790 pet
404 2727 437 2774 se
460 2723 508 2772 est
532 2707 708 2773 indifferens
734 2707 775 2772 ad
796 2705 972 2792 quamlibet
994 2705 1054 2790 sig-

223 2792 452 2873 nificationem,
480 2793 617 2881 ideoque
642 2796 707 2861 fieri
733 2813 866 2880 potest,
895 2812 931 2856 ut
957 2791 1050 2859 eidem

222 2883 310 2970 signo
333 2880 513 2954 tribuantur
534 2884 676 2950 diversae
699 2883 749 2950 vei
771 2883 947 2948 contrariae
966 2878 1051 2968 signi·
