2326 3438
204 101 278 194 2268
417 116 652 180 ..terraenae
680 124 833 178 ruerem
850 141 853 146 ·
872 165 881 177 .

209 193 422 264 necessarium
446 198 518 264 utili
542 215 802 287 anteponamus,
830 209 865 266 et
890 197 967 268 utile
993 197 1043 284 iis,

205 303 289 370 quae
323 287 365 352 ad
401 305 622 356 ornamentum
656 306 741 356 sunt.
776 287 879 357 Vnde
915 292 1045 376 praeci·

204 393 270 460 pua
300 372 406 440 studia
431 394 545 441 *nostra
572 380 655 444 circa
686 376 832 443 scientias
860 376 950 449 nobis
978 400 1050 444 ne-

204 464 356 528 cessarias
378 464 511 530 et'citca
532 465 630 547 alias,
658 487 741 554 quae
763 483 834 532 sunt
856 465 1053 556 earumdem¹

201 550 383 616 necessaria
416 553 594 642 principia,
625 558 741 620 versati
771 553 899 620 debent.
928 554 1046 622 Minus

199 639 357 726 temporis
374 639 460 711 circa
476 664 513 710 ea
526 687 550 721 ,.
570 663 654 731 quae
670 659 743 708 sunt
760 643 923 712 dumtaxat
938 644 1044 727 utilia,

203 728 306 793 minus
333 728 438 795 adhuc
453 730 537 798 circa
559 753 622 808 ea,
651 745 733 820 quae
753 753 819 798 oon
838 731 900 797 nisi
920 733 1048 800 ador·

203 833 387 885 aramentum
403 837 495 904 sunt,
509 817 692 908 impendere
708 841 766 886 nos
779 836 924 908 oportet.
941 822 1046 888 Prae·

206 919 347 973 terrane
368 905 589 976 confusionem
604 907 707 995 pariat
721 910 811 974 uaria
828 910 922 975 lectio
937 955 949 991 ,
976 930 1047 976 non

208 997 396 1062 suntmulti
419 996 490 1062 libri
514 995 637 1064 eodem
647 1014 791 1086 tempore
813 997 963 1086 legendi3
987 1015 1046 1064 aut

206 1084 231 1150 si
254 1085 502 1154 ad²uarietatent
522 1087 603 1153 dnos
626 1109 658 1152 v.
675 1107 706 1190 g.
725 1085 810 1152 circa
826 1086 969 1152 materias
989 1087 1048 1154 di-

113 1213 115 1220 ·
208 1195 315 1240 versas
332 1192 481 1242 auctores
496 1173 637 1264 legamus
648 1171 663 1254 ·,’
681 1193 725 1240 tta
738 1174 873 1264 eligendi
886 1192 958 1242 sunt
973 1191 1047 1264 ,ut

208 1261 357 1327 iudicium
395 1280 428 1330 et
465 1263 670 1352 sagacitatem
698 1265 821 1330 mentis
862 1281 1046 1332 exerceant.

206 1351 359 1426 Varietas
372 1353 474 1419 :enim
498 1369 713 1440 congruenter
735 1351 879 1418 adhibita
907 1369 1046 1420 mentem

209 1455 358 1520 recreat,
387 1442 482 1529 eiqne
508 1439 607 1507 robur
636 1439 726 1507 addit
748 1459 780 1508 et
807 1439 1064 1527 amplitudinem

250 1527 299 1596 11.
344 1531 521 1619 Postquam
537 1529 784 1610 constituimus,
797 1528 921 1595 cuinam
937 1531 1047 1596 scien-

202 1617 271 1704 ¹²tiae
298 1616 484 1686 incumbere
509 1617 706 1697 debeamus,
732 1637 810 1684 tunc
835 1617 855 1682 ii
884 1617 1046 1707 deligendi

201 1707 282 1774 s'unt
300 1717 446 1773 auctores
458 1753 469 1786 ‚
498 1708 555 1794 qui
580 1708 742 1774 scientiam
770 1707 855 1772 illam
877 1729 898 1774 a
922 1703 1047 1774 funda„

201 1796 321 1862 mentis
336 1794 561 1884 aggrediuntur
577 1843 587 1874 ,
614 1811 648 1861 et
665 1811 823 1884 perpetua
839 1816 1047 1884 consequen·

208 1885 323 1953 tiatum
346 1883 424 1962 serie
447 1903 483 1959 ac
511 1885 662 1950 continua
690 1884 964 1964 comentariorum
988 1906 1048 1951 ca-

199 1991 282 2042 ·tena
296 1961 546 2061 prosequuntur.
576 1969 605 2038 Ii
621 1971 847 2060 ergolegendi
858 1989 933 2037 sunt
944 1972 1049 2064 scrip,

163 2129 166 2134 ,
209 2081 293 2130 tores
310 2106 320 2140 ,
347 2060 402 2148 qui
417 2059 592 2126 secundum
609 2062 783 2127 naturalem
797 2059 941 2126 ordinem
957 2060 1047 2127 doc.-

199 2151 322 2217 -trinam
336 2149 557 2240 explicandam
576 2151 607 2214 in
620 2171 691 2216 suas
710 2168 818 2238 partes
841 2147 1047 2218 distribuunt.

201 2240 365 2309 ¹scientiae
383 2283 384 2288 κ
401 2241 484 2306 eninr
521 2237 670 2327 pluribus
708 2237 853 2326 partibus
885 2253 1050 2320 constant,

208 2351 343 2420 quatum
359 2329 436 2394 aliae
452 2372 462 2406 ‚
484 2344 521 2394 ut
536 2326 752 2416 intelligantur
770 2371 780 2406 ,
810 2326 875 2392 aliis
891 2325 1047 2416 indigent.

200 2418 262 2486 ·Ita
272 2417 388 2486 cultior
401 2415 611 2482 recentiorum
623 2415 754 2504 physica
765 2415 923 2504 supponit
934 2417 1050 2482 saltem

106 2569 108 2574 ,
201 2504 485 2574 arithmeticen
515 2505 705 2592 geometriae
734 2504 959 2594 cognitionem.
995 2501 1050 2571 Ita

207 2594 342 2662 'historia
351 2593 502 2681 supponit
510 2591 749 2680 chronologiam
759 2609 790 2659 et
805 2590 1050 2680 geographiam,

212 2705 294 2775 quae
321 2702 427 2747 rursus
449 2687 644 2772 supponunt
669 2679 881 2746 arithmeticae
909 2698 941 2746 et
969 2679 1049 2770 geo'-

205 2769 343 2856 -nrettiae
362 2769 530 2838 elementa.
558 2770 715 2857 Quiergo
736 2767 893 2860 physicae
907 2784 964 2834 aut
978 2768 1051 2834 his.

211 2863 312 2948 toriae
327 2859 489 2956 applicare
504 2856 602 2937 vellet
616 2855 778 2945 animum,
806 2874 839 2928 et
852 2855 954 2965 probe
967 2878 1048 2954 omar
