<?xml version="1.0" encoding="UTF-8"?>
<!DOCTYPE html PUBLIC "-//W3C//DTD XHTML 1.0 Transitional//EN"
    "http://www.w3.org/TR/xhtml1/DTD/xhtml1-transitional.dtd">
<html xmlns="http://www.w3.org/1999/xhtml" xml:lang="en" lang="en">
 <head>
  <title>
</title>
<meta http-equiv="Content-Type" content="text/html;charset=utf-8" />
  <meta name='ocr-system' content='tesseract 3.04.00' />
  <meta name='ocr-capabilities' content='ocr_page ocr_carea ocr_par ocr_line ocrx_word'/>
</head>
<body>
  <div class='ocr_page' id='page_1' title='image "./institutionesph00jacqgoog_0349.png"; bbox 0 0 2298 3418; ppageno 0'>
   <div class='ocr_carea' id='block_1_1' title="bbox 125 125 1045 1800">
    <p class='ocr_par' dir='ltr' id='par_1_1' title="bbox 201 125 894 194">
     <span class='ocr_line' id='line_1_1' title="bbox 201 125 894 194; baseline -0.003 -9"><span class='ocrx_word' id='word_1_1' title='bbox 201 125 246 194; x_wconf 66' lang='lat' dir='ltr'><em>ti</em></span> <span class='ocrx_word' id='word_1_2' title='bbox 380 155 383 163; x_wconf 94' lang='lat'>·</span> <span class='ocrx_word' id='word_1_3' title='bbox 417 133 618 184; x_wconf 64' lang='lat' dir='ltr'><em>insum.</em></span> <span class='ocrx_word' id='word_1_4' title='bbox 641 125 780 182; x_wconf 73' lang='lat' dir='ltr'><em>sntno&#39;s.</em></span> <span class='ocrx_word' id='word_1_5' title='bbox 891 174 894 183; x_wconf 94' lang='lat'><em>.</em></span> 
     </span>
    </p>

    <p class='ocr_par' dir='ltr' id='par_1_2' title="bbox 125 189 1045 1800">
     <span class='ocr_line' id='line_1_2' title="bbox 186 189 1036 296; baseline -0.007 -26"><span class='ocrx_word' id='word_1_6' title='bbox 186 205 323 292; x_wconf 78' lang='lat' dir='ltr'><em>¹cipitur</em></span> <span class='ocrx_word' id='word_1_7' title='bbox 340 247 350 282; x_wconf 79' lang='grc'><em>,</em></span> <span class='ocrx_word' id='word_1_8' title='bbox 382 220 416 270; x_wconf 87' lang='lat' dir='ltr'><em>et</em></span> <span class='ocrx_word' id='word_1_9' title='bbox 433 210 542 296; x_wconf 86' lang='lat' dir='ltr'><em>inquo</em></span> <span class='ocrx_word' id='word_1_10' title='bbox 559 208 739 276; x_wconf 74' lang='lat' dir='ltr'><em>continetur</em></span> <span class='ocrx_word' id='word_1_11' title='bbox 751 203 840 268; x_wconf 86' lang='lat' dir='ltr'><em>satio</em></span> <span class='ocrx_word' id='word_1_12' title='bbox 854 189 1036 284; x_wconf 74' lang='lat' dir='ltr'><em>sufficiens,</em></span> 
     </span>
     <span class='ocr_line' id='line_1_3' title="bbox 198 289 1038 377; baseline -0.007 -19"><span class='ocrx_word' id='word_1_13' title='bbox 198 313 259 358; x_wconf 78' lang='lat' dir='ltr'><em>rur</em></span> <span class='ocrx_word' id='word_1_14' title='bbox 279 309 389 359; x_wconf 84' lang='lat' dir='ltr'><em>cetero</em></span> <span class='ocrx_word' id='word_1_15' title='bbox 405 293 459 359; x_wconf 83' lang='lat' dir='ltr'><em>vel</em></span> <span class='ocrx_word' id='word_1_16' title='bbox 479 309 557 360; x_wconf 78' lang='lat' dir='ltr'><em>actu</em></span> <span class='ocrx_word' id='word_1_17' title='bbox 581 299 680 361; x_wconf 77' lang='lat' dir='ltr'><em>insint</em></span> <span class='ocrx_word' id='word_1_18' title='bbox 702 289 754 357; x_wconf 83' lang='lat' dir='ltr'><em>vel</em></span> <span class='ocrx_word' id='word_1_19' title='bbox 774 294 878 356; x_wconf 87' lang='lat' dir='ltr'><em>inesse</em></span> <span class='ocrx_word' id='word_1_20' title='bbox 892 293 1038 377; x_wconf 78' lang='lat' dir='ltr'><em>possinte</em></span> 
     </span>
     <span class='ocr_line' id='line_1_4' title="bbox 201 375 1038 465; baseline -0.007 -19"><span class='ocrx_word' id='word_1_21' title='bbox 201 379 326 446; x_wconf 37' lang='lat' dir='ltr'><em>cethaee</em></span> <span class='ocrx_word' id='word_1_22' title='bbox 349 383 498 449; x_wconf 85' lang='lat' dir='ltr'><em>essentiae</em></span> <span class='ocrx_word' id='word_1_23' title='bbox 512 383 602 448; x_wconf 88' lang='lat' dir='ltr'><em>notio</em></span> <span class='ocrx_word' id='word_1_24' title='bbox 621 400 666 450; x_wconf 87' lang='lat' dir='ltr'><em>est</em></span> <span class='ocrx_word' id='word_1_25' title='bbox 686 379 809 445; x_wconf 89' lang='lat' dir='ltr'><em>notioni</em></span> <span class='ocrx_word' id='word_1_26' title='bbox 824 375 1038 465; x_wconf 83' lang='lat' dir='ltr'><em>philosopho·</em></span> 
     </span>
     <span class='ocr_line' id='line_1_5' title="bbox 200 469 1044 544; baseline -0.002 -14"><span class='ocrx_word' id='word_1_27' title='bbox 200 487 271 530; x_wconf 86' lang='lat' dir='ltr'><em>sum</em></span> <span class='ocrx_word' id='word_1_28' title='bbox 286 469 468 536; x_wconf 85' lang='lat' dir='ltr'><em>conformis.</em></span> <span class='ocrx_word' id='word_1_29' title='bbox 486 473 609 538; x_wconf 79' lang='lat' dir='ltr'><em>Etenim</em></span> <span class='ocrx_word' id='word_1_30' title='bbox 624 471 809 536; x_wconf 82' lang='lat' dir='ltr'><em>Franciscus</em></span> <span class='ocrx_word' id='word_1_31' title='bbox 821 469 962 532; x_wconf 83' lang='lat' dir='ltr'><em>Suareze</em></span> <span class='ocrx_word' id='word_1_32' title='bbox 980 479 1044 544; x_wconf 67' lang='lat' dir='ltr'><em>sss‘·⁴</em></span> 
     </span>
     <span class='ocr_line' id='line_1_6' title="bbox 197 556 1038 634; baseline -0.004 -14"><span class='ocrx_word' id='word_1_33' title='bbox 197 557 296 623; x_wconf 66' lang='lat' dir='ltr'><em>nitate</em></span> <span class='ocrx_word' id='word_1_34' title='bbox 311 556 384 622; x_wconf 86' lang='lat' dir='ltr'><em>Iesu</em></span> <span class='ocrx_word' id='word_1_35' title='bbox 399 577 474 626; x_wconf 84' lang='lat' dir='ltr'><em>tom.</em></span> <span class='ocrx_word' id='word_1_36' title='bbox 492 583 520 628; x_wconf 87' lang='lat'><em>1.</em></span> <span class='ocrx_word' id='word_1_37' title='bbox 536 560 828 627; x_wconf 62' lang='lat' dir='ltr'><em>antinomias.</em></span> <span class='ocrx_word' id='word_1_38' title='bbox 844 575 875 634; x_wconf 78' lang='lat'><em>4.</em></span> <span class='ocrx_word' id='word_1_39' title='bbox 889 601 900 632; x_wconf 90' lang='lat'>,</span> <span class='ocrx_word' id='word_1_40' title='bbox 921 571 1038 619; x_wconf 54' lang='lat' dir='ltr'><em>essen*</em></span> 
     </span>
     <span class='ocr_line' id='line_1_7' title="bbox 200 646 1040 738; baseline -0.001 -29"><span class='ocrx_word' id='word_1_41' title='bbox 200 650 283 709; x_wconf 67' lang='lat' dir='ltr'><em>uam</em></span> <span class='ocrx_word' id='word_1_42' title='bbox 299 650 348 710; x_wconf 88' lang='lat' dir='ltr'><em>rei</em></span> <span class='ocrx_word' id='word_1_43' title='bbox 361 647 402 714; x_wconf 80' lang='lat' dir='ltr'><em>id</em></span> <span class='ocrx_word' id='word_1_44' title='bbox 412 673 482 714; x_wconf 85' lang='lat' dir='ltr'><em>esse</em></span> <span class='ocrx_word' id='word_1_45' title='bbox 499 653 573 714; x_wconf 87' lang='lat' dir='ltr'><em>dicit</em></span> <span class='ocrx_word' id='word_1_46' title='bbox 590 695 599 728; x_wconf 93' lang='lat'>,</span> <span class='ocrx_word' id='word_1_47' title='bbox 629 647 719 738; x_wconf 82' lang='lat' dir='ltr'><em>quoti</em></span> <span class='ocrx_word' id='word_1_48' title='bbox 732 661 781 711; x_wconf 89' lang='lat' dir='ltr'><em>est</em></span> <span class='ocrx_word' id='word_1_49' title='bbox 795 646 965 733; x_wconf 85' lang='lat' dir='ltr'><em>primunr,</em></span> <span class='ocrx_word' id='word_1_50' title='bbox 994 663 1040 709; x_wconf 84' lang='lat' dir='ltr'><em>ac</em></span> 
     </span>
     <span class='ocr_line' id='line_1_8' title="bbox 199 733 1039 825; baseline 0.001 -30"><span class='ocrx_word' id='word_1_51' title='bbox 199 733 352 800; x_wconf 84' lang='lat' dir='ltr'><em>radicale</em></span> <span class='ocrx_word' id='word_1_52' title='bbox 364 781 374 816; x_wconf 89' lang='lat'><strong>,</strong></span> <span class='ocrx_word' id='word_1_53' title='bbox 397 761 438 804; x_wconf 87' lang='lat' dir='ltr'><em>ac</em></span> <span class='ocrx_word' id='word_1_54' title='bbox 452 742 600 804; x_wconf 87' lang='lat' dir='ltr'><em>intimum</em></span> <span class='ocrx_word' id='word_1_55' title='bbox 610 739 808 825; x_wconf 86' lang='lat' dir='ltr'><em>principium</em></span> <span class='ocrx_word' id='word_1_56' title='bbox 821 738 960 796; x_wconf 89' lang='lat' dir='ltr'><em>omnium</em></span> <span class='ocrx_word' id='word_1_57' title='bbox 975 751 1039 796; x_wconf 83' lang='lat' dir='ltr'><em>ac·</em></span> 
     </span>
     <span class='ocr_line' id='line_1_9' title="bbox 200 821 1036 916; baseline -0.007 -30"><span class='ocrx_word' id='word_1_58' title='bbox 200 823 322 886; x_wconf 77' lang='lat' dir='ltr'><em>sistrum</em></span> <span class='ocrx_word' id='word_1_59' title='bbox 337 841 369 888; x_wconf 84' lang='lat' dir='ltr'><em>et</em></span> <span class='ocrx_word' id='word_1_60' title='bbox 381 831 644 916; x_wconf 84' lang='lat' dir='ltr'><em>proprietatnm,</em></span> <span class='ocrx_word' id='word_1_61' title='bbox 667 845 751 915; x_wconf 83' lang='lat' dir='ltr'><em>quac</em></span> <span class='ocrx_word' id='word_1_62' title='bbox 767 825 817 886; x_wconf 80' lang='lat' dir='ltr'><em>rti</em></span> <span class='ocrx_word' id='word_1_63' title='bbox 831 821 1036 902; x_wconf 83' lang='lat' dir='ltr'><em>conueniunti</em></span> 
     </span>
     <span class='ocr_line' id='line_1_10' title="bbox 199 904 1034 1004; baseline -0.007 -28"><span class='ocrx_word' id='word_1_64' title='bbox 199 925 244 976; x_wconf 76' lang='lat' dir='ltr'><em>es·</em></span> <span class='ocrx_word' id='word_1_65' title='bbox 255 913 364 1000; x_wconf 83' lang='lat' dir='ltr'><em>paullo</em></span> <span class='ocrx_word' id='word_1_66' title='bbox 379 933 456 1004; x_wconf 87' lang='lat' dir='ltr'><em>post</em></span> <span class='ocrx_word' id='word_1_67' title='bbox 476 915 587 982; x_wconf 78' lang='lat' dir='ltr'><em>addit:</em></span> <span class='ocrx_word' id='word_1_68' title='bbox 615 915 790 980; x_wconf 75' lang='lat' dir='ltr'><em>essentiam</em></span> <span class='ocrx_word' id='word_1_69' title='bbox 811 904 935 972; x_wconf 87' lang='lat' dir='ltr'><em>realem</em></span> <span class='ocrx_word' id='word_1_70' title='bbox 951 927 1034 986; x_wconf 85' lang='lat' dir='ltr'><em>esse,</em></span> 
     </span>
     <span class='ocr_line' id='line_1_11' title="bbox 201 1000 1036 1088; baseline -0.007 -25"><span class='ocrx_word' id='word_1_71' title='bbox 201 1019 286 1088; x_wconf 80' lang='lat' dir='ltr'><em>puae</em></span> <span class='ocrx_word' id='word_1_72' title='bbox 302 1005 335 1066; x_wconf 93' lang='lat' dir='ltr'><em>in</em></span> <span class='ocrx_word' id='word_1_73' title='bbox 351 1026 385 1068; x_wconf 89' lang='lat' dir='ltr'><em>se</em></span> <span class='ocrx_word' id='word_1_74' title='bbox 401 1003 527 1070; x_wconf 83' lang='lat' dir='ltr'><em>nnllam</em></span> <span class='ocrx_word' id='word_1_75' title='bbox 543 1002 677 1070; x_wconf 82' lang='lat' dir='ltr'><em>inuoluit</em></span> <span class='ocrx_word' id='word_1_76' title='bbox 691 1000 966 1087; x_wconf 78' lang='lat' dir='ltr'><em>repugnantiam,</em></span> <span class='ocrx_word' id='word_1_77' title='bbox 981 1017 1036 1059; x_wconf 88' lang='lat' dir='ltr'><em>ne·</em></span> 
     </span>
     <span class='ocr_line' id='line_1_12' title="bbox 202 1079 1040 1179; baseline -0.01 -24"><span class='ocrx_word' id='word_1_78' title='bbox 202 1107 264 1176; x_wconf 80' lang='lat' dir='ltr'><em>quo</em></span> <span class='ocrx_word' id='word_1_79' title='bbox 290 1106 339 1154; x_wconf 90' lang='lat' dir='ltr'><em>est</em></span> <span class='ocrx_word' id='word_1_80' title='bbox 364 1114 450 1158; x_wconf 87' lang='lat' dir='ltr'><em>mere</em></span> <span class='ocrx_word' id='word_1_81' title='bbox 477 1090 614 1179; x_wconf 87' lang='lat' dir='ltr'><em>conficta</em></span> <span class='ocrx_word' id='word_1_82' title='bbox 634 1113 696 1178; x_wconf 85' lang='lat' dir='ltr'><em>per</em></span> <span class='ocrx_word' id='word_1_83' title='bbox 725 1084 930 1167; x_wconf 71' lang='lat' dir='ltr'><em>intellectum</em></span> <span class='ocrx_word' id='word_1_84' title='bbox 946 1090 959 1162; x_wconf 88' lang='lat'><em>,&#39;</em></span> <span class='ocrx_word' id='word_1_85' title='bbox 984 1079 1040 1148; x_wconf 79' lang='lat' dir='ltr'><em>ool</em></span> 
     </span>
     <span class='ocr_line' id='line_1_13' title="bbox 201 1169 1040 1268; baseline -0.006 -28"><span class='ocrx_word' id='word_1_86' title='bbox 201 1180 302 1240; x_wconf 84' lang='lat' dir='ltr'><em>etiam</em></span> <span class='ocrx_word' id='word_1_87' title='bbox 322 1179 412 1264; x_wconf 90' lang='lat' dir='ltr'><em>quod</em></span> <span class='ocrx_word' id='word_1_88' title='bbox 429 1184 473 1245; x_wconf 89' lang='lat' dir='ltr'><em>sit</em></span> <span class='ocrx_word' id='word_1_89' title='bbox 487 1183 683 1268; x_wconf 68' lang='lat' dir='ltr'><em>principium</em></span> <span class='ocrx_word' id='word_1_90' title='bbox 702 1175 754 1264; x_wconf 80' lang='lat' dir='ltr'><em>vel</em></span> <span class='ocrx_word' id='word_1_91' title='bbox 775 1172 879 1240; x_wconf 82' lang='lat' dir='ltr'><em>radix</em></span> <span class='ocrx_word' id='word_1_92' title='bbox 896 1169 1040 1249; x_wconf 83' lang='lat' dir='ltr'><em>realium</em></span> 
     </span>
     <span class='ocr_line' id='line_1_14' title="bbox 199 1260 1038 1358; baseline -0.005 -31"><span class='ocrx_word' id='word_1_93' title='bbox 199 1271 423 1352; x_wconf 79' lang='lat' dir='ltr'><em>operationum</em></span> <span class='ocrx_word' id='word_1_94' title='bbox 436 1268 490 1334; x_wconf 85' lang='lat' dir='ltr'><em>vel</em></span> <span class='ocrx_word' id='word_1_95' title='bbox 503 1267 684 1358; x_wconf 78' lang='lat' dir='ltr'><em>effectuum.</em></span> <span class='ocrx_word' id='word_1_96' title='bbox 712 1263 858 1330; x_wconf 76' lang='lat' dir='ltr'><em>Similiter</em></span> <span class='ocrx_word' id='word_1_97' title='bbox 871 1260 1038 1325; x_wconf 73' lang='lat' dir='ltr'><em>Centenius</em></span> 
     </span>
     <span class='ocr_line' id='line_1_15' title="bbox 198 1346 1042 1446; baseline -0.005 -29"><span class='ocrx_word' id='word_1_98' title='bbox 198 1354 237 1415; x_wconf 76' lang='lat' dir='ltr'><em>in</em></span> <span class='ocrx_word' id='word_1_99' title='bbox 258 1357 431 1445; x_wconf 77' lang='lat' dir='ltr'><em>principiis</em></span> <span class='ocrx_word' id='word_1_100' title='bbox 453 1356 677 1446; x_wconf 72' lang='lat' dir='ltr'><em>philosophiae</em></span> <span class='ocrx_word' id='word_1_101' title='bbox 697 1367 793 1444; x_wconf 83' lang='lat' dir='ltr'><em>part.</em></span> <span class='ocrx_word' id='word_1_102' title='bbox 823 1371 874 1416; x_wconf 58' lang='grc' dir='ltr'><em>ιμ’</em></span> <span class='ocrx_word' id='word_1_103' title='bbox 900 1371 966 1414; x_wconf 88' lang='lat' dir='ltr'><em>una</em></span> <span class='ocrx_word' id='word_1_104' title='bbox 989 1346 1042 1412; x_wconf 88' lang='lat' dir='ltr'><em>in-</em></span> 
     </span>
     <span class='ocr_line' id='line_1_16' title="bbox 200 1439 1045 1535; baseline -0.009 -27"><span class='ocrx_word' id='word_1_105' title='bbox 200 1441 294 1528; x_wconf 85' lang='lat' dir='ltr'><em>quit,</em></span> <span class='ocrx_word' id='word_1_106' title='bbox 319 1463 368 1509; x_wconf 88' lang='lat' dir='ltr'><em>est</em></span> <span class='ocrx_word' id='word_1_107' title='bbox 381 1450 605 1535; x_wconf 80' lang='lat' dir='ltr'><em>cuiuscumque</em></span> <span class='ocrx_word' id='word_1_108' title='bbox 616 1445 824 1510; x_wconf 87' lang='lat' dir='ltr'><em>substantiae</em></span> <span class='ocrx_word' id='word_1_109' title='bbox 833 1439 1045 1527; x_wconf 82' lang='lat' dir='ltr'><em>proprietas,</em></span> 
     </span>
     <span class='ocr_line' id='line_1_17' title="bbox 202 1528 1041 1618; baseline -0.01 -23"><span class='ocrx_word' id='word_1_110' title='bbox 202 1547 289 1618; x_wconf 77' lang='lat' dir='ltr'><em>quae</em></span> <span class='ocrx_word' id='word_1_111' title='bbox 302 1535 408 1618; x_wconf 88' lang='lat' dir='ltr'><em>ipsius</em></span> <span class='ocrx_word' id='word_1_112' title='bbox 422 1552 584 1602; x_wconf 86' lang='lat' dir='ltr'><em>naturam·</em></span> <span class='ocrx_word' id='word_1_113' title='bbox 598 1534 836 1618; x_wconf 76' lang='lat' dir='ltr'><em>essentiamque</em></span> <span class='ocrx_word' id='word_1_114' title='bbox 855 1528 1041 1603; x_wconf 87' lang='lat' dir='ltr'><em>constituit,</em></span> 
     </span>
     <span class='ocr_line' id='line_1_18' title="bbox 201 1613 1041 1711; baseline -0.011 -26"><span class='ocrx_word' id='word_1_115' title='bbox 201 1613 1041 1711; x_wconf 72' lang='lat' dir='ltr'><em>eraclquamaliaeomnesreferuntur.Cattesiiin-</em></span> 
     </span>
     <span class='ocr_line' id='line_1_19' title="bbox 125 1705 1041 1800; baseline -0.005 -30"><span class='ocrx_word' id='word_1_116' title='bbox 125 1753 134 1760; x_wconf 74' lang='lat'><em>,</em></span> <span class='ocrx_word' id='word_1_117' title='bbox 204 1722 327 1796; x_wconf 85' lang='lat' dir='ltr'><em>tespses</em></span> <span class='ocrx_word' id='word_1_118' title='bbox 341 1711 548 1800; x_wconf 82' lang='lat' dir='ltr'><em>Clonborgius</em></span> <span class='ocrx_word' id='word_1_119' title='bbox 564 1717 598 1776; x_wconf 90' lang='lat' dir='ltr'><em>in</em></span> <span class='ocrx_word' id='word_1_120' title='bbox 612 1707 755 1796; x_wconf 80' lang='lat' dir='ltr'><em>metaph.</em></span> <span class='ocrx_word' id='word_1_121' title='bbox 764 1705 813 1772; x_wconf 76' lang='lat' dir='ltr'><em>cio</em></span> <span class='ocrx_word' id='word_1_122' title='bbox 826 1718 899 1769; x_wconf 89' lang='lat' dir='ltr'><em>cntc</em></span> <span class='ocrx_word' id='word_1_123' title='bbox 906 1748 917 1780; x_wconf 90' lang='lat'>‚</span> <span class='ocrx_word' id='word_1_124' title='bbox 933 1723 1041 1767; x_wconf 84' lang='lat' dir='ltr'><em>essen·</em></span> 
     </span>
    </p>
   </div>
   <div class='ocr_carea' id='block_1_2' title="bbox 198 1791 1148 1888">
    <p class='ocr_par' dir='ltr' id='par_1_3' title="bbox 198 1791 1148 1888">
     <span class='ocr_line' id='line_1_20' title="bbox 198 1791 1148 1888; baseline -0.004 -29"><span class='ocrx_word' id='word_1_125' title='bbox 198 1798 267 1862; x_wconf 80' lang='lat' dir='ltr'><em>tiae</em></span> <span class='ocrx_word' id='word_1_126' title='bbox 279 1797 440 1865; x_wconf 82' lang='lat' dir='ltr'><em>notionem</em></span> <span class='ocrx_word' id='word_1_127' title='bbox 454 1802 497 1864; x_wconf 81' lang='lat' dir='ltr'><em>ita</em></span> <span class='ocrx_word' id='word_1_128' title='bbox 508 1799 665 1888; x_wconf 75' lang='lat' dir='ltr'><em>explicate</em></span> <span class='ocrx_word' id='word_1_129' title='bbox 680 1819 723 1862; x_wconf 88' lang='lat' dir='ltr'><em>err</em></span> <span class='ocrx_word' id='word_1_130' title='bbox 735 1795 879 1860; x_wconf 84' lang='lat' dir='ltr'><em>omnibus</em></span> <span class='ocrx_word' id='word_1_131' title='bbox 892 1812 979 1882; x_wconf 88' lang='lat' dir='ltr'><em>qnae</em></span> <span class='ocrx_word' id='word_1_132' title='bbox 991 1791 1045 1856; x_wconf 85' lang='lat' dir='ltr'><em>m·</em></span> <span class='ocrx_word' id='word_1_133' title='bbox 1147 1804 1148 1815; x_wconf 62' lang='lat'>¹</span> 
     </span>
    </p>
   </div>
   <div class='ocr_carea' id='block_1_3' title="bbox 142 1877 1143 2582">
    <p class='ocr_par' dir='ltr' id='par_1_4' title="bbox 142 1877 1143 2582">
     <span class='ocr_line' id='line_1_21' title="bbox 142 1877 1043 1968; baseline -0.004 -20"><span class='ocrx_word' id='word_1_134' title='bbox 142 1915 144 1920; x_wconf 50' lang='lat'><strong><em>¹</em></strong></span> <span class='ocrx_word' id='word_1_135' title='bbox 197 1881 312 1950; x_wconf 77' lang='lat' dir='ltr'><em>mlicui</em></span> <span class='ocrx_word' id='word_1_136' title='bbox 321 1891 511 1952; x_wconf 81' lang='lat' dir='ltr'><em>tribuuntur·</em></span> <span class='ocrx_word' id='word_1_137' title='bbox 527 1935 539 1968; x_wconf 75' lang='lat'>,</span> <span class='ocrx_word' id='word_1_138' title='bbox 565 1907 661 1953; x_wconf 89' lang='lat' dir='ltr'><em>unum</em></span> <span class='ocrx_word' id='word_1_139' title='bbox 677 1883 817 1950; x_wconf 87' lang='lat' dir='ltr'><em>solemus</em></span> <span class='ocrx_word' id='word_1_140' title='bbox 831 1877 1043 1967; x_wconf 79' lang='lat' dir='ltr'><em>considerare</em></span> 
     </span>
     <span class='ocr_line' id='line_1_22' title="bbox 199 1969 1043 2064; baseline -0.008 -28"><span class='ocrx_word' id='word_1_141' title='bbox 199 1987 375 2061; x_wconf 72' lang='lat' dir='ltr'><em>tamquam</em></span> <span class='ocrx_word' id='word_1_142' title='bbox 398 1979 565 2064; x_wconf 85' lang='lat' dir='ltr'><em>primum,</em></span> <span class='ocrx_word' id='word_1_143' title='bbox 588 1977 806 2064; x_wconf 86' lang='lat' dir='ltr'><em>praecipuum</em></span> <span class='ocrx_word' id='word_1_144' title='bbox 832 1984 864 2036; x_wconf 85' lang='lat' dir='ltr'><em>ct</em></span> <span class='ocrx_word' id='word_1_145' title='bbox 893 1969 1043 2048; x_wconf 76' lang='lat' dir='ltr'><em>intimam</em></span> 
     </span>
     <span class='ocr_line' id='line_1_23' title="bbox 199 2054 1040 2155; baseline -0.006 -32"><span class='ocrx_word' id='word_1_146' title='bbox 199 2063 259 2133; x_wconf 76' lang='lat' dir='ltr'><em>aei</em></span> <span class='ocrx_word' id='word_1_147' title='bbox 274 2063 371 2150; x_wconf 86' lang='lat' dir='ltr'><em>quod·</em></span> <span class='ocrx_word' id='word_1_148' title='bbox 385 2063 518 2154; x_wconf 82' lang='lat' dir='ltr'><em>reliqua</em></span> <span class='ocrx_word' id='word_1_149' title='bbox 541 2060 776 2155; x_wconf 82' lang='lat' dir='ltr'><em>quodammodo</em></span> <span class='ocrx_word' id='word_1_150' title='bbox 799 2054 1040 2144; x_wconf 86' lang='lat' dir='ltr'><em>complectitur,</em></span> 
     </span>
     <span class='ocr_line' id='line_1_24' title="bbox 143 2141 1045 2239; baseline 0.013 -28"><span class='ocrx_word' id='word_1_151' title='bbox 143 2177 145 2183; x_wconf 39' lang='lat' dir='ltr'>s</span> <span class='ocrx_word' id='word_1_152' title='bbox 207 2162 473 2218; x_wconf 69' lang='lat' dir='ltr'><em>recentiorum</em></span> <span class='ocrx_word' id='word_1_153' title='bbox 497 2155 635 2220; x_wconf 90' lang='lat' dir='ltr'><em>omnium</em></span> <span class='ocrx_word' id='word_1_154' title='bbox 659 2155 758 2239; x_wconf 86' lang='lat' dir='ltr'><em>quasi</em></span> <span class='ocrx_word' id='word_1_155' title='bbox 781 2144 884 2213; x_wconf 78' lang='lat' dir='ltr'><em>radix</em></span> <span class='ocrx_word' id='word_1_156' title='bbox 910 2159 941 2208; x_wconf 88' lang='lat' dir='ltr'><em>ct</em></span> <span class='ocrx_word' id='word_1_157' title='bbox 958 2141 1045 2222; x_wconf 66' lang='lat' dir='ltr'><em>sim·</em></span> 
     </span>
     <span class='ocr_line' id='line_1_25' title="bbox 207 2235 1046 2328; baseline -0.004 -28"><span class='ocrx_word' id='word_1_158' title='bbox 207 2235 396 2306; x_wconf 83' lang='lat' dir='ltr'><em>damentnm</em></span> <span class='ocrx_word' id='word_1_159' title='bbox 421 2258 482 2309; x_wconf 88' lang='lat' dir='ltr'><em>est.</em></span> <span class='ocrx_word' id='word_1_160' title='bbox 514 2241 589 2309; x_wconf 90' lang='lat' dir='ltr'><em>Hoc</em></span> <span class='ocrx_word' id='word_1_161' title='bbox 616 2245 722 2328; x_wconf 87' lang='lat' dir='ltr'><em>ipsum</em></span> <span class='ocrx_word' id='word_1_162' title='bbox 750 2249 901 2301; x_wconf 82' lang='lat' dir='ltr'><em>vocamus</em></span> <span class='ocrx_word' id='word_1_163' title='bbox 929 2253 1046 2310; x_wconf 68' lang='lat' dir='ltr'><em>cesen-</em></span> 
     </span>
     <span class='ocr_line' id='line_1_26' title="bbox 207 2321 1143 2418; baseline 0.001 -28"><span class='ocrx_word' id='word_1_164' title='bbox 207 2329 291 2392; x_wconf 83' lang='lat' dir='ltr'><em>iiam</em></span> <span class='ocrx_word' id='word_1_165' title='bbox 319 2335 370 2395; x_wconf 86' lang='lat' dir='ltr'><em>sci</em></span> <span class='ocrx_word' id='word_1_166' title='bbox 382 2379 393 2408; x_wconf 87' lang='lat'><strong><em>,</em></strong></span> <span class='ocrx_word' id='word_1_167' title='bbox 423 2348 456 2400; x_wconf 89' lang='lat' dir='ltr'><em>et</em></span> <span class='ocrx_word' id='word_1_168' title='bbox 481 2353 553 2396; x_wconf 85' lang='lat' dir='ltr'><em>cum</em></span> <span class='ocrx_word' id='word_1_169' title='bbox 576 2343 727 2418; x_wconf 84' lang='lat' dir='ltr'><em>respectu</em></span> <span class='ocrx_word' id='word_1_170' title='bbox 749 2323 1046 2412; x_wconf 65' lang='lat' dir='ltr'><em>appropriantes</em></span> <span class='ocrx_word' id='word_1_171' title='bbox 1139 2321 1143 2330; x_wconf 83' lang='grc'>’</span> 
     </span>
     <span class='ocr_line' id='line_1_27' title="bbox 174 2415 1047 2506; baseline -0.01 -26"><span class='ocrx_word' id='word_1_172' title='bbox 174 2431 242 2484; x_wconf 66' lang='lat' dir='ltr'><em>¹:ct</em></span> <span class='ocrx_word' id='word_1_173' title='bbox 265 2415 467 2504; x_wconf 79' lang='lat' dir='ltr'><em>operationes</em></span> <span class='ocrx_word' id='word_1_174' title='bbox 487 2419 563 2485; x_wconf 87' lang='lat' dir='ltr'><em>inde</em></span> <span class='ocrx_word' id='word_1_175' title='bbox 574 2429 807 2506; x_wconf 84' lang='lat' dir='ltr'><em>promanantes</em></span> <span class='ocrx_word' id='word_1_176' title='bbox 829 2415 929 2476; x_wconf 88' lang='lat' dir='ltr'><em>etiam</em></span> <span class='ocrx_word' id='word_1_177' title='bbox 945 2423 1047 2483; x_wconf 79' lang='lat' dir='ltr'><em>natu-</em></span> 
     </span>
     <span class='ocr_line' id='line_1_28' title="bbox 209 2495 1044 2582; baseline -0.01 -16"><span class='ocrx_word' id='word_1_178' title='bbox 209 2523 283 2568; x_wconf 87' lang='lat' dir='ltr'><em>ram</em></span> <span class='ocrx_word' id='word_1_179' title='bbox 305 2505 454 2572; x_wconf 86' lang='lat' dir='ltr'><em>dicimus.</em></span> <span class='ocrx_word' id='word_1_180' title='bbox 481 2509 656 2573; x_wconf 79' lang='lat' dir='ltr'><em>Notionem</em></span> <span class='ocrx_word' id='word_1_181' title='bbox 672 2523 802 2569; x_wconf 80' lang='lat' dir='ltr'><em>natutae</em></span> <span class='ocrx_word' id='word_1_182' title='bbox 821 2511 880 2564; x_wconf 69' lang='lat' dir='ltr'><em>no&#39;s</em></span> <span class='ocrx_word' id='word_1_183' title='bbox 904 2517 965 2582; x_wconf 77' lang='lat' dir='ltr'><em>sno</em></span> <span class='ocrx_word' id='word_1_184' title='bbox 985 2495 1044 2558; x_wconf 88' lang='lat' dir='ltr'><em>lo-</em></span> 
     </span>
    </p>
   </div>
   <div class='ocr_carea' id='block_1_4' title="bbox 126 2583 1147 2678">
    <p class='ocr_par' dir='ltr' id='par_1_5' title="bbox 126 2583 1147 2678">
     <span class='ocr_line' id='line_1_29' title="bbox 126 2583 1147 2678; baseline -0.004 -25"><span class='ocrx_word' id='word_1_185' title='bbox 126 2618 127 2622; x_wconf 43' lang='lat'><em>*</em></span> <span class='ocrx_word' id='word_1_186' title='bbox 208 2607 249 2653; x_wconf 86' lang='lat' dir='ltr'><em>co</em></span> <span class='ocrx_word' id='word_1_187' title='bbox 279 2590 423 2661; x_wconf 82' lang='lat' dir='ltr'><em>dabimus</em></span> <span class='ocrx_word' id='word_1_188' title='bbox 450 2596 654 2670; x_wconf 84' lang='lat' dir='ltr'><em>distinctam,</em></span> <span class='ocrx_word' id='word_1_189' title='bbox 678 2595 809 2678; x_wconf 83' lang='lat' dir='ltr'><em>eiusque</em></span> <span class='ocrx_word' id='word_1_190' title='bbox 839 2585 880 2652; x_wconf 83' lang='lat' dir='ltr'><em>ab</em></span> <span class='ocrx_word' id='word_1_191' title='bbox 907 2583 1046 2668; x_wconf 72' lang='lat' dir='ltr'><em>essentia</em></span> <span class='ocrx_word' id='word_1_192' title='bbox 1146 2629 1147 2634; x_wconf 21' lang='grc' dir='ltr'><strong>κ</strong></span> 
     </span>
    </p>
   </div>
   <div class='ocr_carea' id='block_1_5' title="bbox 201 2671 1044 2941">
    <p class='ocr_par' dir='ltr' id='par_1_6' title="bbox 201 2671 1044 2941">
     <span class='ocr_line' id='line_1_30' title="bbox 201 2671 1043 2772; baseline -0.006 -30"><span class='ocrx_word' id='word_1_193' title='bbox 201 2677 415 2746; x_wconf 66' lang='lat' dir='ltr'><em>differentiam</em></span> <span class='ocrx_word' id='word_1_194' title='bbox 431 2682 671 2772; x_wconf 82' lang='lat' dir='ltr'><em>explicabimus.</em></span> <span class='ocrx_word' id='word_1_195' title='bbox 688 2682 839 2746; x_wconf 81' lang='lat' dir='ltr'><em>Ceterum</em></span> <span class='ocrx_word' id='word_1_196' title='bbox 853 2687 967 2761; x_wconf 72' lang='lat' dir='ltr'><em>patet,</em></span> <span class='ocrx_word' id='word_1_197' title='bbox 989 2671 1043 2736; x_wconf 87' lang='lat' dir='ltr'><em>al-</em></span> 
     </span>
     <span class='ocr_line' id='line_1_31' title="bbox 208 2761 1044 2853; baseline -0.013 -20"><span class='ocrx_word' id='word_1_198' title='bbox 208 2765 285 2832; x_wconf 66' lang='lat' dir='ltr'><em>lisas</em></span> <span class='ocrx_word' id='word_1_199' title='bbox 316 2773 465 2837; x_wconf 78' lang='lat' dir='ltr'><em>essentiae</em></span> <span class='ocrx_word' id='word_1_200' title='bbox 488 2770 687 2853; x_wconf 84' lang='lat' dir='ltr'><em>definitiones</em></span> <span class='ocrx_word' id='word_1_201' title='bbox 712 2767 787 2831; x_wconf 74' lang='lat' dir='ltr'><em>so&#39;lis</em></span> <span class='ocrx_word' id='word_1_202' title='bbox 817 2761 945 2846; x_wconf 71' lang='lat' dir='ltr'><em>verbis,</em></span> <span class='ocrx_word' id='word_1_203' title='bbox 975 2777 1044 2823; x_wconf 85' lang='lat' dir='ltr'><em>non</em></span> 
     </span>
     <span class='ocr_line' id='line_1_32' title="bbox 207 2846 1043 2941; baseline -0.005 -26"><span class='ocrx_word' id='word_1_204' title='bbox 207 2851 312 2941; x_wconf 74' lang='lat' dir='ltr'><em>seipsa</em></span> <span class='ocrx_word' id='word_1_205' title='bbox 338 2857 475 2926; x_wconf 78' lang='lat' dir='ltr'><em>differre.</em></span> <span class='ocrx_word' id='word_1_206' title='bbox 510 2859 600 2926; x_wconf 78' lang='lat' dir='ltr'><em>Haec</em></span> <span class='ocrx_word' id='word_1_207' title='bbox 629 2873 735 2930; x_wconf 77' lang='lat' dir='ltr'><em>antem</em></span> <span class='ocrx_word' id='word_1_208' title='bbox 767 2853 871 2919; x_wconf 85' lang='lat' dir='ltr'><em>omnia</em></span> <span class='ocrx_word' id='word_1_209' title='bbox 894 2846 1043 2913; x_wconf 76' lang='lat' dir='ltr'><em>confessi</em></span> 
     </span>
    </p>
   </div>
   <div class='ocr_carea' id='block_1_6' title="bbox 0 0 1159 3418">
    <p class='ocr_par' dir='ltr' id='par_1_7' title="bbox 0 0 1159 3418">
     <span class='ocr_line' id='line_1_33' title="bbox 0 0 1159 3418; baseline 0 0"><span class='ocrx_word' id='word_1_210' title='bbox 0 0 1159 3418; x_wconf 95' lang='lat' dir='ltr'><em> </em></span> 
     </span>
    </p>
   </div>
  </div>
 </body>
</html>
