2264 3420
241 115 329 165 rans
356 113 562 164 aruerant.
587 109 664 165 cars
684 115 732 163 ιι.
886 99 925 186 85

28 198 186 280 quentes
200 231 209 266 ,
224 203 257 251 et
272 189 302 250 in
320 185 426 275 vigilia
447 187 506 250 sint
531 187 715 266 ordinatae,
742 191 797 252 'seu
813 207 862 252 tes
877 209 929 252 ex·

31 277 180 342 hibeant
191 276 350 340 constanti
364 273 474 340 ordine
490 273 691 340 sibiinvicem
706 275 926 344 succedentes.

36 365 144 429 Haec
168 384 242 428 veru
267 380 394 428 constat
417 362 620 450 experientia.
642 365 671 428 Si
693 380 797 428 actum
819 364 928 453 imagi·

40 451 149 518 nandi
163 451 244 517 clare
261 427 493 539 percipiamus,
516 451 540 516 si
560 451 778 538 phantasmata
792 447 928 520 obscura

36 537 186 617 fuerinr3
205 540 283 628 quid
298 540 502 619 somniemus,
519 559 583 604 nnn
599 541 806 629 agnoscimus.
819 539 928 620 Quan-

36 629 89 694 do
114 631 199 694 enim
218 627 432 715 phantasmata
454 628 589 694 obscura
606 648 699 708 sunt,
721 649 804 707 tem,
828 649 927 714 quam

37 735 312 806 repraesentant,
328 737 391 780 non
408 719 623 804 agnoscimus,
644 739 700 784 nec
716 739 733 781 a
748 719 858 782 ceteris
874 718 927 782 di-

39 804 257 894 stinguimus3
273 807 363 870 etiam
380 807 403 868 si
418 825 522 871 actum
540 807 641 893 ipsum
656 804 840 892 imaginandi
856 807 928 870 cla-

37 917 85 960 rev
97 893 316 980 percipiamus.
333 893 548 976 Quamobrem
566 892 654 957 nobis
670 894 787 956 conscii
806 913 927 974 sumus,

29 1005 106 1046 -nos
126 983 301 1058 somniare,
326 999 515 1047 nontamen
538 983 614 1068 quid
632 983 841 1058 somniamus,
866 1001 927 1069 ag-

39 1069 224 1138 noscimus.
240 1070 364 1135 Somnia
381 1071 475 1158 igitur
494 1071 620 1157 perinde
646 1089 682 1134 ae
704 1072 925 1158 perceptiones
1002 1109 1007 1120 ι

40 1159 193 1248 singulae
215 1155 434 1246 distinguenda
455 1160 586 1225 veniunt
606 1161 637 1221 itt
660 1157 754 1225 clara
772 1176 801 1221 et
818 1159 928 1222 obscu-

45 1271 104 1313 ra.
135 1247 296 1312 Somnium
324 1247 441 1311 clarum
467 1266 535 1326 est,
561 1247 690 1336 quando
714 1245 925 1336 agnoscimus,

43 1331 131 1422 quid
157 1337 369 1412 somniamus,
397 1335 568 1401 obscurum
590 1347 667 1400 v'e'to
688 1333 757 1415 e'st,
784 1335 932 1418 qnando,¹

43 1423 127 1512 quid
140 1426 351 1500 somniemus,
369 1445 431 1489 non
447 1425 520 1488 satis
535 1425 731 1512 agnoscimus
742 1425 756 1502 ',‘
768 1418 926 1488 etsi'actus

43 1510 249 1601 percipiendi
267 1511 356 1577 nobis
373 1513 489 1576 conscii
508 1513 612 1577 simus.

101 1600 155 1668 V.
213 1598 322 1664 Ideam
354 1601 488 1686 aliquam
524 1601 747 1687 recognoscere
780 1597 933 1678 dicimut,·

47 1686 291 1774 quando'nubis
313 1692 427 1755 conscii
449 1689 571 1766 sumus,
595 1690 738 1754 no'saeam
756 1687 817 1751 iam
836 1687 933 1754 antea'

50 1775 210 1842 habuisse.
236 1777 286 1842 Sic
308 1777 383 1842 dum
405 1775 561 1843 hominem
589 1776 729 1842 videmu's
744 1826 755 1856 ,
783 1776 926 1864 dumque
959 1827 968 1844 ,

51 1864 116 1929 iam
130 1881 218 1928 antea
235 1885 252 1930 a
268 1865 358 1930 nobis
376 1867 476 1930 visum
492 1864 603 1944 fuisse,
626 1865 717 1930 nobis
732 1867 854 1929 conscii
870 1887 927 1928 su-

51 1971 142 2033 anus,
157 1952 245 2017 ilium
261 1956 526 2044 recognoscimus,
543 1952 704 2020 Memoria
720 1954 837 2020 dicitur
849 1981 856 2018 2
865 1953 927 2034 fa·

52 2041 167 2110 cultas
183 2042 428 2132 recognoscendi
439 2042 554 2120 ideas,-
576 2041 711 2130 s'deoqne
727 2060 756 2108 et
776 2065 827 2108 res
844 2045 928 2108 ideis

51 2129 127 2196 illis
155 2145 430 2218 repraesentatas.
461 2131 561 2220 Igitur
590 2130 739 2195 memoria
775 2133 928 2220 supponit

51 2219 183 2306 quidem
199 2219 470 2308 imaginationem,
488 2233 624 2284 attamen
640 2217 680 2283 ab
698 2218 748 2281 ilia
764 2218 928 2305 distingui·

50 2323 126 2372 tur:
144 2306 207 2372 fieti
222 2311 303 2372 enim
319 2327 447 2396 potest,
473 2324 509 2371 ut
524 2307 593 2372 idea
611 2306 716 2394 'aliqua
730 2309 760 2369 vi
775 2307 926 2393 imagina-

54 2395 151 2459 tionis
176 2395 286 2460 iterum
303 2396 518 2484 producatur,
543 2414 574 2462 et
601 2412 704 2460 tamen
728 2417 790 2457 non
813 2403 930 2484 recog*

55 2499 227 2560 noscatur,
248 2503 283 2550 ut
310 2484 462 2574 contingit
488 2485 565 2563 illis,
585 2483 685 2570 quivi
704 2481 927 2572 imaginationis

56 2573 92 2636 in
115 2587 247 2636 mentem
270 2593 442 2652 revocant,
465 2593 543 2658 quae
566 2571 640 2636 oiim
663 2573 692 2634 itt
716 2571 928 2660 libroaiiq'uu
958 2629 962 2640 .

62 2660 222 2746 legerunt,
237 2659 408 2726 sibitamen
422 2663 537 2725 conscii
556 2683 617 2725 non
634 2663 729 2740 su'nt,
746 2681 777 2726 se
793 2661 842 2723 iila
858 2661 929 2749 omi

58 2747 277 2836 quamingisse
290 2749 362 2824 ,sed
374 2769 485 2814 contra
504 2750 720 2829 existimant',a
738 2768 769 2814 se
785 2749 928 2831 nttttc'ii‘r·¹

58 2853 152 2900 venta
168 2845 244 2901 esse.
266 2833 349 2915 Quia
364 2859 440 2902 tero
457 2837 530 2902 tium
546 2839 634 2904 ideae
651 2859 751 2902 tetum
769 2857 859 2898 sensu
875 2829 930 2895 nei

58 2924 277 3014 imaginatione
289 2924 318 2988 in
335 2925 568 2991 menteitetum
586 2924 804 3012 producuntur
822 2939 858 2984 ac
880 2914 930 2979 iii

64 3017 292 3104 cognoscuntur
300 3060 312 3093 ,
326 3012 542 3080 tursus'etiaiu
555 3011 775 3102 producuntur
791 3009 821 3090 iu
835 2999 934 3070 cere‘·i
