<?xml version="1.0" encoding="UTF-8"?>
<!DOCTYPE html PUBLIC "-//W3C//DTD XHTML 1.0 Transitional//EN"
    "http://www.w3.org/TR/xhtml1/DTD/xhtml1-transitional.dtd">
<html xmlns="http://www.w3.org/1999/xhtml" xml:lang="en" lang="en">
 <head>
  <title>
</title>
<meta http-equiv="Content-Type" content="text/html;charset=utf-8" />
  <meta name='ocr-system' content='tesseract 3.04.00' />
  <meta name='ocr-capabilities' content='ocr_page ocr_carea ocr_par ocr_line ocrx_word'/>
</head>
<body>
  <div class='ocr_page' id='page_1' title='image "./institutionesph00jacqgoog_0519.png"; bbox 0 0 2270 3416; ppageno 0'>
   <div class='ocr_carea' id='block_1_1' title="bbox 141 45 1128 886">
    <p class='ocr_par' dir='ltr' id='par_1_1' title="bbox 154 45 821 106">
     <span class='ocr_line' id='line_1_1' title="bbox 154 45 821 106; baseline -0.001 -2"><span class='ocrx_word' id='word_1_1' title='bbox 154 58 217 106; x_wconf 84' lang='lat' dir='ltr'>tra</span> <span class='ocrx_word' id='word_1_2' title='bbox 265 45 270 56; x_wconf 84' lang='lat'>‘</span> <span class='ocrx_word' id='word_1_3' title='bbox 431 53 821 105; x_wconf 65' lang='lat' dir='ltr'>sternumentum..</span> 
     </span>
    </p>

    <p class='ocr_par' dir='ltr' id='par_1_2' title="bbox 143 122 1058 390">
     <span class='ocr_line' id='line_1_2' title="bbox 143 122 1058 213; baseline 0.004 -23"><span class='ocrx_word' id='word_1_4' title='bbox 143 122 371 202; x_wconf 77' lang='lat' dir='ltr'>¹intellectualis</span> <span class='ocrx_word' id='word_1_5' title='bbox 387 125 577 192; x_wconf 85' lang='lat' dir='ltr'>considerari</span> <span class='ocrx_word' id='word_1_6' title='bbox 598 127 715 213; x_wconf 85' lang='lat' dir='ltr'>poterit</span> <span class='ocrx_word' id='word_1_7' title='bbox 730 144 893 213; x_wconf 83' lang='lat' dir='ltr'>tamquam</span> <span class='ocrx_word' id='word_1_8' title='bbox 912 124 1058 194; x_wconf 89' lang='lat' dir='ltr'>horolo-</span> 
     </span>
     <span class='ocr_line' id='line_1_3' title="bbox 148 211 1058 306; baseline 0.002 -26"><span class='ocrx_word' id='word_1_9' title='bbox 148 217 235 306; x_wconf 80' lang='lat' dir='ltr'>gium</span> <span class='ocrx_word' id='word_1_10' title='bbox 258 211 376 280; x_wconf 88' lang='lat' dir='ltr'>afiabte</span> <span class='ocrx_word' id='word_1_11' title='bbox 397 211 615 293; x_wconf 83' lang='lat' dir='ltr'>elaboratum,</span> <span class='ocrx_word' id='word_1_12' title='bbox 636 217 724 282; x_wconf 90' lang='lat' dir='ltr'>cuius</span> <span class='ocrx_word' id='word_1_13' title='bbox 743 216 961 304; x_wconf 84' lang='lat' dir='ltr'>praescriptus</span> <span class='ocrx_word' id='word_1_14' title='bbox 979 240 1058 282; x_wconf 91' lang='lat' dir='ltr'>mo-</span> 
     </span>
     <span class='ocr_line' id='line_1_4' title="bbox 149 301 1056 390; baseline 0.001 -22"><span class='ocrx_word' id='word_1_15' title='bbox 149 322 202 370; x_wconf 84' lang='lat' dir='ltr'>tus</span> <span class='ocrx_word' id='word_1_16' title='bbox 224 321 272 372; x_wconf 84' lang='lat' dir='ltr'>est</span> <span class='ocrx_word' id='word_1_17' title='bbox 289 301 418 368; x_wconf 90' lang='lat' dir='ltr'>omnino</span> <span class='ocrx_word' id='word_1_18' title='bbox 435 302 638 368; x_wconf 83' lang='lat' dir='ltr'>necessarius.</span> <span class='ocrx_word' id='word_1_19' title='bbox 654 303 745 370; x_wconf 83' lang='lat' dir='ltr'>Haec</span> <span class='ocrx_word' id='word_1_20' title='bbox 759 323 865 376; x_wconf 84' lang='lat' dir='ltr'>aurem</span> <span class='ocrx_word' id='word_1_21' title='bbox 883 325 1056 390; x_wconf 83' lang='lat' dir='ltr'>compara-</span> 
     </span>
    </p>

    <p class='ocr_par' dir='ltr' id='par_1_3' title="bbox 147 387 1056 568">
     <span class='ocr_line' id='line_1_5' title="bbox 148 387 1056 480; baseline 0.003 -24"><span class='ocrx_word' id='word_1_22' title='bbox 148 395 195 456; x_wconf 82' lang='lat' dir='ltr'>tio</span> <span class='ocrx_word' id='word_1_23' title='bbox 223 412 288 454; x_wconf 89' lang='lat' dir='ltr'>non</span> <span class='ocrx_word' id='word_1_24' title='bbox 318 387 562 480; x_wconf 80' lang='lat' dir='ltr'>hypotheticam</span> <span class='ocrx_word' id='word_1_25' title='bbox 585 389 752 456; x_wconf 79' lang='lat' dir='ltr'>dumtaxat</span> <span class='ocrx_word' id='word_1_26' title='bbox 781 391 836 458; x_wconf 88' lang='lat' dir='ltr'>sed</span> <span class='ocrx_word' id='word_1_27' title='bbox 870 392 1056 460; x_wconf 79' lang='lat' dir='ltr'>absolutam</span> 
     </span>
     <span class='ocr_line' id='line_1_6' title="bbox 147 477 1055 568; baseline 0.002 -26"><span class='ocrx_word' id='word_1_28' title='bbox 147 477 341 568; x_wconf 85' lang='lat' dir='ltr'>fatalemque</span> <span class='ocrx_word' id='word_1_29' title='bbox 357 479 576 546; x_wconf 81' lang='lat' dir='ltr'>necessitatem</span> <span class='ocrx_word' id='word_1_30' title='bbox 599 482 757 566; x_wconf 85' lang='lat' dir='ltr'>importat.</span> <span class='ocrx_word' id='word_1_31' title='bbox 776 480 867 545; x_wconf 86' lang='lat' dir='ltr'>Haec</span> <span class='ocrx_word' id='word_1_32' title='bbox 884 503 1055 568; x_wconf 85' lang='lat' dir='ltr'>argumen-</span> 
     </span>
    </p>

    <p class='ocr_par' dir='ltr' id='par_1_4' title="bbox 141 563 1128 886">
     <span class='ocr_line' id='line_1_7' title="bbox 148 563 1052 656; baseline -0.001 -23"><span class='ocrx_word' id='word_1_33' title='bbox 148 585 182 633; x_wconf 82' lang='lat' dir='ltr'>ta</span> <span class='ocrx_word' id='word_1_34' title='bbox 202 569 264 632; x_wconf 87' lang='lat' dir='ltr'>vim</span> <span class='ocrx_word' id='word_1_35' title='bbox 280 569 426 632; x_wconf 85' lang='lat' dir='ltr'>maiorem</span> <span class='ocrx_word' id='word_1_36' title='bbox 448 563 582 644; x_wconf 84' lang='lat' dir='ltr'>habent,</span> <span class='ocrx_word' id='word_1_37' title='bbox 604 566 629 632; x_wconf 92' lang='lat' dir='ltr'>si</span> <span class='ocrx_word' id='word_1_38' title='bbox 652 570 882 656; x_wconf 76' lang='lat' dir='ltr'>coniungantur</span> <span class='ocrx_word' id='word_1_39' title='bbox 907 591 981 633; x_wconf 92' lang='lat' dir='ltr'>cum</span> <span class='ocrx_word' id='word_1_40' title='bbox 1008 571 1052 648; x_wconf 80' lang='lat' dir='ltr'>iis,</span> 
     </span>
     <span class='ocr_line' id='line_1_8' title="bbox 141 651 1052 744; baseline 0.004 -24"><span class='ocrx_word' id='word_1_41' title='bbox 141 657 233 744; x_wconf 82' lang='lat' dir='ltr'>&#39;quae</span> <span class='ocrx_word' id='word_1_42' title='bbox 257 655 298 723; x_wconf 84' lang='lat' dir='ltr'>de</span> <span class='ocrx_word' id='word_1_43' title='bbox 325 655 485 720; x_wconf 80' lang='lat' dir='ltr'>harmonia</span> <span class='ocrx_word' id='word_1_44' title='bbox 510 651 715 740; x_wconf 75' lang='lat' dir='ltr'>&#39;praestabilius</span> <span class='ocrx_word' id='word_1_45' title='bbox 743 656 891 722; x_wconf 83' lang='lat' dir='ltr'><strong>diximus.</strong></span> <span class='ocrx_word' id='word_1_46' title='bbox 923 658 982 722; x_wconf 85' lang='lat' dir='ltr'>His</span> <span class='ocrx_word' id='word_1_47' title='bbox 1000 659 1052 724; x_wconf 85' lang='lat' dir='ltr'>de</span> 
     </span>
     <span class='ocr_line' id='line_1_9' title="bbox 148 741 1128 886; baseline 0 -74"><span class='ocrx_word' id='word_1_48' title='bbox 148 744 284 815; x_wconf 81' lang='lat' dir='ltr'>humana</span> <span class='ocrx_word' id='word_1_49' title='bbox 310 741 461 812; x_wconf 86' lang='lat' dir='ltr'>libertate</span> <span class='ocrx_word' id='word_1_50' title='bbox 485 746 657 841; x_wconf 77' lang='lat' dir='ltr'>geueratim</span> <span class='ocrx_word' id='word_1_51' title='bbox 682 745 846 834; x_wconf 80' lang='lat' dir='ltr'>explicatis</span> <span class='ocrx_word' id='word_1_52' title='bbox 864 788 874 826; x_wconf 91' lang='lat'><strong>,</strong></span> <span class='ocrx_word' id='word_1_53' title='bbox 892 744 955 812; x_wconf 86' lang='lat' dir='ltr'>iam</span> <span class='ocrx_word' id='word_1_54' title='bbox 971 747 1011 812; x_wconf 87' lang='lat' dir='ltr'>sit</span> <span class='ocrx_word' id='word_1_55' title='bbox 1126 791 1128 886; x_wconf 53' lang='lat' dir='ltr'>p</span> 
     </span>
    </p>
   </div>
   <div class='ocr_carea' id='block_1_2' title="bbox 424 913 757 1010">
    <p class='ocr_par' dir='ltr' id='par_1_5' title="bbox 424 913 757 1010">
     <span class='ocr_line' id='line_1_10' title="bbox 424 913 757 1010; baseline 0.006 -24"><span class='ocrx_word' id='word_1_56' title='bbox 424 913 698 1010; x_wconf 80' lang='lat' dir='ltr'>couctvsto</span> <span class='ocrx_word' id='word_1_57' title='bbox 727 913 757 988; x_wconf 78' lang='lat' dir='ltr'>t</span> 
     </span>
    </p>
   </div>
   <div class='ocr_carea' id='block_1_3' title="bbox 137 1099 1049 1540">
    <p class='ocr_par' dir='ltr' id='par_1_6' title="bbox 139 1099 1049 1274">
     <span class='ocr_line' id='line_1_11' title="bbox 140 1099 1049 1180; baseline -0.004 -11"><span class='ocrx_word' id='word_1_58' title='bbox 140 1099 275 1180; x_wconf 58' lang='lat' dir='ltr'>,Aurum</span> <span class='ocrx_word' id='word_1_59' title='bbox 305 1113 411 1166; x_wconf 82' lang='lat' dir='ltr'>urttrt.</span> <span class='ocrx_word' id='word_1_60' title='bbox 438 1113 657 1162; x_wconf 75' lang='lat' dir='ltr'>Avflusttuvrt</span> <span class='ocrx_word' id='word_1_61' title='bbox 689 1111 760 1160; x_wconf 87' lang='lat' dir='ltr'>urst</span> <span class='ocrx_word' id='word_1_62' title='bbox 789 1115 852 1160; x_wconf 78' lang='lat' dir='ltr'>svn</span> <span class='ocrx_word' id='word_1_63' title='bbox 873 1117 1049 1166; x_wconf 75' lang='lat' dir='ltr'>sartour</span> 
     </span>
     <span class='ocr_line' id='line_1_12' title="bbox 139 1205 1047 1274; baseline -0.002 -20"><span class='ocrx_word' id='word_1_64' title='bbox 139 1257 167 1274; x_wconf 30' lang='lat' dir='ltr'>h,</span> <span class='ocrx_word' id='word_1_65' title='bbox 191 1210 282 1256; x_wconf 71' lang='lat' dir='ltr'>usur</span> <span class='ocrx_word' id='word_1_66' title='bbox 310 1231 321 1266; x_wconf 85' lang='lat'>,</span> <span class='ocrx_word' id='word_1_67' title='bbox 347 1205 448 1252; x_wconf 78' lang='lat' dir='ltr'>utum</span> <span class='ocrx_word' id='word_1_68' title='bbox 487 1205 635 1250; x_wconf 73' lang='lat' dir='ltr'>sturm</span> <span class='ocrx_word' id='word_1_69' title='bbox 674 1205 845 1252; x_wconf 24' lang='lat' dir='ltr'>urrrtsvu</span> <span class='ocrx_word' id='word_1_70' title='bbox 881 1207 1047 1270; x_wconf 42' lang='lat' dir='ltr'>,neutrum</span> 
     </span>
    </p>

    <p class='ocr_par' dir='ltr' id='par_1_7' title="bbox 137 1273 1047 1540">
     <span class='ocr_line' id='line_1_13' title="bbox 192 1273 1047 1350; baseline -0.001 -11"><span class='ocrx_word' id='word_1_71' title='bbox 192 1273 307 1350; x_wconf 54' lang='lat' dir='ltr'>nourr</span> <span class='ocrx_word' id='word_1_72' title='bbox 333 1294 495 1346; x_wconf 78' lang='lat' dir='ltr'>rouoovu</span> <span class='ocrx_word' id='word_1_73' title='bbox 520 1293 592 1340; x_wconf 85' lang='lat' dir='ltr'>uou</span> <span class='ocrx_word' id='word_1_74' title='bbox 617 1292 748 1338; x_wconf 76' lang='lat' dir='ltr'>uorusr</span> <span class='ocrx_word' id='word_1_75' title='bbox 772 1293 959 1341; x_wconf 71' lang='lat' dir='ltr'>Aruernus</span> <span class='ocrx_word' id='word_1_76' title='bbox 978 1296 1047 1340; x_wconf 81' lang='lat' dir='ltr'>ua-</span> 
     </span>
     <span class='ocr_line' id='line_1_14' title="bbox 141 1360 1047 1448; baseline 0.002 -20"><span class='ocrx_word' id='word_1_77' title='bbox 141 1360 144 1369; x_wconf 79' lang='grc'><em>“</em></span> <span class='ocrx_word' id='word_1_78' title='bbox 194 1385 271 1430; x_wconf 76' lang='lat' dir='ltr'>svm</span> <span class='ocrx_word' id='word_1_79' title='bbox 285 1409 295 1448; x_wconf 87' lang='lat'><strong><em>,</em></strong></span> <span class='ocrx_word' id='word_1_80' title='bbox 323 1384 398 1432; x_wconf 67' lang='lat' dir='ltr'>ovs</span> <span class='ocrx_word' id='word_1_81' title='bbox 423 1383 579 1441; x_wconf 79' lang='lat' dir='ltr'>uauvat,</span> <span class='ocrx_word' id='word_1_82' title='bbox 608 1379 676 1428; x_wconf 83' lang='lat' dir='ltr'>uso</span> <span class='ocrx_word' id='word_1_83' title='bbox 699 1380 882 1430; x_wconf 74' lang='lat' dir='ltr'>svuusaut</span> <span class='ocrx_word' id='word_1_84' title='bbox 909 1383 1047 1444; x_wconf 75' lang='lat' dir='ltr'>sortitu,</span> 
     </span>
     <span class='ocr_line' id='line_1_15' title="bbox 137 1447 1027 1540; baseline 0 -22"><span class='ocrx_word' id='word_1_85' title='bbox 137 1529 144 1538; x_wconf 47' lang='grc'><strong>,</strong></span> <span class='ocrx_word' id='word_1_86' title='bbox 194 1473 272 1524; x_wconf 67' lang='lat' dir='ltr'>ove</span> <span class='ocrx_word' id='word_1_87' title='bbox 296 1447 438 1528; x_wconf 66' lang='lat' dir='ltr'>nouum.</span> <span class='ocrx_word' id='word_1_88' title='bbox 490 1531 493 1540; x_wconf 26' lang='grc' dir='ltr'>Ι</span> <span class='ocrx_word' id='word_1_89' title='bbox 1021 1465 1027 1479; x_wconf 83' lang='grc'><em>’</em></span> 
     </span>
    </p>
   </div>
   <div class='ocr_carea' id='block_1_4' title="bbox 74 1613 1128 3042">
    <p class='ocr_par' dir='ltr' id='par_1_8' title="bbox 136 1613 1128 1804">
     <span class='ocr_line' id='line_1_16' title="bbox 136 1613 1128 1717; baseline 0.002 -23"><span class='ocrx_word' id='word_1_90' title='bbox 136 1619 147 1703; x_wconf 56' lang='grc' dir='ltr'>ζ</span> <span class='ocrx_word' id='word_1_91' title='bbox 204 1625 311 1694; x_wconf 84' lang='lat' dir='ltr'>&#39;Pt0b.</span> <span class='ocrx_word' id='word_1_92' title='bbox 326 1626 450 1692; x_wconf 86' lang='lat' dir='ltr'>Malum</span> <span class='ocrx_word' id='word_1_93' title='bbox 472 1615 550 1710; x_wconf 80' lang='lat' dir='ltr'>nihil</span> <span class='ocrx_word' id='word_1_94' title='bbox 562 1621 647 1692; x_wconf 88' lang='lat' dir='ltr'>aliud</span> <span class='ocrx_word' id='word_1_95' title='bbox 664 1637 710 1694; x_wconf 89' lang='lat' dir='ltr'>est</span> <span class='ocrx_word' id='word_1_96' title='bbox 724 1621 755 1689; x_wconf 89' lang='lat' dir='ltr'>iu</span> <span class='ocrx_word' id='word_1_97' title='bbox 775 1625 932 1717; x_wconf 75' lang='lat' dir='ltr'>praesenti</span> <span class='ocrx_word' id='word_1_98' title='bbox 953 1613 1049 1716; x_wconf 74' lang='lat' dir='ltr'>quae·</span> <span class='ocrx_word' id='word_1_99' title='bbox 1127 1649 1128 1659; x_wconf 58' lang='lat'>¹</span> 
     </span>
     <span class='ocr_line' id='line_1_17' title="bbox 148 1713 1050 1804; baseline 0 -22"><span class='ocrx_word' id='word_1_100' title='bbox 148 1715 272 1796; x_wconf 87' lang='lat' dir='ltr'>stione,</span> <span class='ocrx_word' id='word_1_101' title='bbox 295 1717 350 1780; x_wconf 89' lang='lat' dir='ltr'>nisi</span> <span class='ocrx_word' id='word_1_102' title='bbox 379 1713 469 1804; x_wconf 89' lang='lat' dir='ltr'>quod</span> <span class='ocrx_word' id='word_1_103' title='bbox 493 1715 582 1780; x_wconf 85' lang='lat' dir='ltr'>nobis</span> <span class='ocrx_word' id='word_1_104' title='bbox 610 1715 785 1804; x_wconf 86' lang='lat' dir='ltr'>displicet,</span> <span class='ocrx_word' id='word_1_105' title='bbox 811 1733 842 1780; x_wconf 91' lang='lat' dir='ltr'>et</span> <span class='ocrx_word' id='word_1_106' title='bbox 870 1715 1050 1794; x_wconf 84' lang='lat' dir='ltr'>molestiam</span> 
     </span>
    </p>

    <p class='ocr_par' dir='ltr' id='par_1_9' title="bbox 107 1800 1127 2157">
     <span class='ocr_line' id='line_1_18' title="bbox 107 1800 1127 1898; baseline 0.001 -29"><span class='ocrx_word' id='word_1_107' title='bbox 107 1851 115 1858; x_wconf 61' lang='lat'><strong>„</strong></span> <span class='ocrx_word' id='word_1_108' title='bbox 145 1805 285 1892; x_wconf 82' lang='lat' dir='ltr'>aliquam</span> <span class='ocrx_word' id='word_1_109' title='bbox 313 1801 437 1871; x_wconf 81' lang='lat' dir='ltr'>adferre</span> <span class='ocrx_word' id='word_1_110' title='bbox 464 1800 634 1876; x_wconf 82' lang='lat' dir='ltr'>iudicatur.</span> <span class='ocrx_word' id='word_1_111' title='bbox 663 1805 708 1868; x_wconf 92' lang='lat' dir='ltr'>At</span> <span class='ocrx_word' id='word_1_112' title='bbox 740 1802 892 1889; x_wconf 84' lang='lat' dir='ltr'>quamdiu</span> <span class='ocrx_word' id='word_1_113' title='bbox 930 1803 1050 1894; x_wconf 87' lang='lat' dir='ltr'>aliquid</span> <span class='ocrx_word' id='word_1_114' title='bbox 1125 1865 1127 1898; x_wconf 34' lang='lat' dir='ltr'>p</span> 
     </span>
     <span class='ocr_line' id='line_1_19' title="bbox 147 1889 1127 1980; baseline -0.001 -23"><span class='ocrx_word' id='word_1_115' title='bbox 147 1894 241 1958; x_wconf 80' lang='lat' dir='ltr'>nobis</span> <span class='ocrx_word' id='word_1_116' title='bbox 261 1891 433 1980; x_wconf 86' lang='lat' dir='ltr'>displicet,</span> <span class='ocrx_word' id='word_1_117' title='bbox 459 1889 521 1954; x_wconf 84' lang='lat' dir='ltr'>hoc</span> <span class='ocrx_word' id='word_1_118' title='bbox 546 1908 614 1970; x_wconf 86' lang='lat' dir='ltr'>est,</span> <span class='ocrx_word' id='word_1_119' title='bbox 641 1891 795 1979; x_wconf 83' lang='lat' dir='ltr'>quamdiu</span> <span class='ocrx_word' id='word_1_120' title='bbox 816 1891 965 1956; x_wconf 86' lang='lat' dir='ltr'>voluntas</span> <span class='ocrx_word' id='word_1_121' title='bbox 990 1893 1048 1957; x_wconf 83' lang='lat' dir='ltr'>ali·</span> <span class='ocrx_word' id='word_1_122' title='bbox 1126 1901 1127 1934; x_wconf 61' lang='lat' dir='ltr'>l</span> 
     </span>
     <span class='ocr_line' id='line_1_20' title="bbox 141 1974 1047 2068; baseline 0.006 -26"><span class='ocrx_word' id='word_1_123' title='bbox 141 1979 225 2066; x_wconf 79' lang='lat' dir='ltr'>&#39;quid</span> <span class='ocrx_word' id='word_1_124' title='bbox 257 1996 442 2059; x_wconf 84' lang='lat' dir='ltr'>aversatur,</span> <span class='ocrx_word' id='word_1_125' title='bbox 476 2001 541 2044; x_wconf 85' lang='lat' dir='ltr'>uon</span> <span class='ocrx_word' id='word_1_126' title='bbox 571 1997 677 2068; x_wconf 86' lang='lat' dir='ltr'>potest</span> <span class='ocrx_word' id='word_1_127' title='bbox 705 1974 787 2047; x_wconf 82' lang='lat' dir='ltr'>idet&#39;n</span> <span class='ocrx_word' id='word_1_128' title='bbox 820 1979 879 2066; x_wconf 86' lang='lat' dir='ltr'>ipsi</span> <span class='ocrx_word' id='word_1_129' title='bbox 908 1979 1047 2066; x_wconf 84' lang='lat' dir='ltr'>placere;</span> 
     </span>
     <span class='ocr_line' id='line_1_21' title="bbox 146 2067 1048 2157; baseline -0.001 -24"><span class='ocrx_word' id='word_1_130' title='bbox 146 2067 428 2134; x_wconf 86' lang='lat' dir='ltr'>contradicturium</span> <span class='ocrx_word' id='word_1_131' title='bbox 460 2069 540 2136; x_wconf 88' lang='lat' dir='ltr'>enim</span> <span class='ocrx_word' id='word_1_132' title='bbox 566 2087 639 2146; x_wconf 86' lang='lat' dir='ltr'>est,</span> <span class='ocrx_word' id='word_1_133' title='bbox 665 2067 783 2157; x_wconf 85' lang='lat' dir='ltr'>aliquid</span> <span class='ocrx_word' id='word_1_134' title='bbox 804 2069 930 2156; x_wconf 84' lang='lat' dir='ltr'>placere</span> <span class='ocrx_word' id='word_1_135' title='bbox 959 2068 1048 2132; x_wconf 89' lang='lat' dir='ltr'>simul</span> 
     </span>
    </p>

    <p class='ocr_par' dir='ltr' id='par_1_10' title="bbox 139 2155 1126 2508">
     <span class='ocr_line' id='line_1_22' title="bbox 140 2155 1046 2246; baseline -0.001 -25"><span class='ocrx_word' id='word_1_136' title='bbox 140 2161 180 2228; x_wconf 82' lang='lat' dir='ltr'>&#39;et</span> <span class='ocrx_word' id='word_1_137' title='bbox 205 2155 385 2246; x_wconf 84' lang='lat' dir='ltr'>displicere.</span> <span class='ocrx_word' id='word_1_138' title='bbox 413 2155 557 2227; x_wconf 72' lang='lat' dir='ltr'>Similiter</span> <span class='ocrx_word' id='word_1_139' title='bbox 582 2156 657 2222; x_wconf 89' lang='lat' dir='ltr'>boui</span> <span class='ocrx_word' id='word_1_140' title='bbox 686 2158 811 2230; x_wconf 80' lang='lat' dir='ltr'>nomine</span> <span class='ocrx_word' id='word_1_141' title='bbox 832 2155 901 2222; x_wconf 84' lang='lat' dir='ltr'>heic</span> <span class='ocrx_word' id='word_1_142' title='bbox 928 2157 1046 2222; x_wconf 88' lang='lat' dir='ltr'>intelli-</span> 
     </span>
     <span class='ocr_line' id='line_1_23' title="bbox 145 2243 1046 2337; baseline -0.006 -24"><span class='ocrx_word' id='word_1_143' title='bbox 145 2249 270 2337; x_wconf 85' lang='lat' dir='ltr'>gimus,</span> <span class='ocrx_word' id='word_1_144' title='bbox 299 2245 387 2334; x_wconf 90' lang='lat' dir='ltr'>quod</span> <span class='ocrx_word' id='word_1_145' title='bbox 411 2243 500 2308; x_wconf 88' lang='lat' dir='ltr'>nobis</span> <span class='ocrx_word' id='word_1_146' title='bbox 522 2245 651 2332; x_wconf 84' lang='lat' dir='ltr'>placet,</span> <span class='ocrx_word' id='word_1_147' title='bbox 678 2262 710 2308; x_wconf 88' lang='lat' dir='ltr'>et</span> <span class='ocrx_word' id='word_1_148' title='bbox 733 2243 965 2310; x_wconf 83' lang='lat' dir='ltr'>iucunditatem</span> <span class='ocrx_word' id='word_1_149' title='bbox 986 2245 1046 2310; x_wconf 83' lang='lat' dir='ltr'>ali-</span> 
     </span>
     <span class='ocr_line' id='line_1_24' title="bbox 139 2330 1126 2424; baseline -0.005 -24"><span class='ocrx_word' id='word_1_150' title='bbox 139 2346 240 2424; x_wconf 84' lang='lat' dir='ltr'>&#39;quam</span> <span class='ocrx_word' id='word_1_151' title='bbox 260 2357 366 2401; x_wconf 85' lang='lat' dir='ltr'>creare</span> <span class='ocrx_word' id='word_1_152' title='bbox 386 2331 564 2411; x_wconf 71' lang='lat' dir='ltr'>iudicatutt</span> <span class='ocrx_word' id='word_1_153' title='bbox 591 2355 627 2398; x_wconf 88' lang='lat' dir='ltr'>ac</span> <span class='ocrx_word' id='word_1_154' title='bbox 655 2331 789 2418; x_wconf 84' lang='lat' dir='ltr'>proinde</span> <span class='ocrx_word' id='word_1_155' title='bbox 814 2330 925 2398; x_wconf 83' lang='lat' dir='ltr'>eadem</span> <span class='ocrx_word' id='word_1_156' title='bbox 948 2336 1047 2398; x_wconf 86' lang='lat' dir='ltr'>ratio·</span> <span class='ocrx_word' id='word_1_157' title='bbox 1125 2341 1126 2346; x_wconf 76' lang='grc'>’</span> 
     </span>
     <span class='ocr_line' id='line_1_25' title="bbox 143 2419 1044 2508; baseline -0.001 -20"><span class='ocrx_word' id='word_1_158' title='bbox 143 2425 302 2490; x_wconf 85' lang='lat' dir='ltr'>cinatione</span> <span class='ocrx_word' id='word_1_159' title='bbox 320 2422 451 2490; x_wconf 85' lang='lat' dir='ltr'>evidens</span> <span class='ocrx_word' id='word_1_160' title='bbox 471 2424 534 2500; x_wconf 73' lang='lat' dir='ltr'>ist,</span> <span class='ocrx_word' id='word_1_161' title='bbox 556 2421 637 2488; x_wconf 88' lang='lat' dir='ltr'>idem</span> <span class='ocrx_word' id='word_1_162' title='bbox 654 2419 805 2508; x_wconf 82' lang='lat' dir='ltr'>quamdiu</span> <span class='ocrx_word' id='word_1_163' title='bbox 821 2421 910 2485; x_wconf 91' lang='lat' dir='ltr'>nobis</span> <span class='ocrx_word' id='word_1_164' title='bbox 926 2422 1044 2506; x_wconf 85' lang='lat' dir='ltr'>placet,</span> 
     </span>
    </p>

    <p class='ocr_par' dir='ltr' id='par_1_11' title="bbox 74 2503 1045 2599">
     <span class='ocr_line' id='line_1_26' title="bbox 74 2503 1045 2599; baseline 0.001 -25"><span class='ocrx_word' id='word_1_165' title='bbox 74 2561 81 2584; x_wconf 65' lang='lat'>».</span> <span class='ocrx_word' id='word_1_166' title='bbox 144 2533 201 2577; x_wconf 88' lang='lat' dir='ltr'>seu</span> <span class='ocrx_word' id='word_1_167' title='bbox 224 2511 376 2599; x_wconf 82' lang='lat' dir='ltr'>quamdiu</span> <span class='ocrx_word' id='word_1_168' title='bbox 394 2509 549 2576; x_wconf 85' lang='lat' dir='ltr'>-voluotas¹</span> <span class='ocrx_word' id='word_1_169' title='bbox 571 2509 603 2574; x_wconf 88' lang='lat' dir='ltr'>in</span> <span class='ocrx_word' id='word_1_170' title='bbox 625 2507 703 2573; x_wconf 91' lang='lat' dir='ltr'>illud</span> <span class='ocrx_word' id='word_1_171' title='bbox 721 2503 846 2586; x_wconf 80' lang='lat' dir='ltr'>fertur,</span> <span class='ocrx_word' id='word_1_172' title='bbox 870 2529 937 2574; x_wconf 86' lang='lat' dir='ltr'>nou</span> <span class='ocrx_word' id='word_1_173' title='bbox 954 2531 1045 2595; x_wconf 77' lang='lat' dir='ltr'>posse</span> 
     </span>
    </p>

    <p class='ocr_par' dir='ltr' id='par_1_12' title="bbox 77 2593 1043 2686">
     <span class='ocr_line' id='line_1_27' title="bbox 77 2593 1043 2686; baseline 0.001 -24"><span class='ocrx_word' id='word_1_174' title='bbox 77 2609 79 2612; x_wconf 83' lang='lat'>&#39;</span> <span class='ocrx_word' id='word_1_175' title='bbox 135 2593 239 2686; x_wconf 37' lang='lat' dir='ltr'>:simul</span> <span class='ocrx_word' id='word_1_176' title='bbox 264 2597 442 2686; x_wconf 87' lang='lat' dir='ltr'>displicere.</span> <span class='ocrx_word' id='word_1_177' title='bbox 465 2597 554 2686; x_wconf 76' lang='lat' dir='ltr'>Ergo</span> <span class='ocrx_word' id='word_1_178' title='bbox 579 2614 615 2662; x_wconf 92' lang='lat' dir='ltr'>ut</span> <span class='ocrx_word' id='word_1_179' title='bbox 642 2597 790 2662; x_wconf 81' lang='lat' dir='ltr'>voluntas</span> <span class='ocrx_word' id='word_1_180' title='bbox 819 2595 942 2686; x_wconf 75' lang='lat' dir='ltr'>bortum</span> <span class='ocrx_word' id='word_1_181' title='bbox 969 2599 1043 2664; x_wconf 86' lang='lat' dir='ltr'>velit</span> 
     </span>
    </p>

    <p class='ocr_par' dir='ltr' id='par_1_13' title="bbox 145 2684 980 2772">
     <span class='ocr_line' id='line_1_28' title="bbox 145 2684 980 2772; baseline -0.004 -21"><span class='ocrx_word' id='word_1_182' title='bbox 145 2705 178 2751; x_wconf 90' lang='lat' dir='ltr'>et</span> <span class='ocrx_word' id='word_1_183' title='bbox 208 2703 367 2772; x_wconf 78' lang='lat' dir='ltr'>appetat,</span> <span class='ocrx_word' id='word_1_184' title='bbox 393 2707 519 2752; x_wconf 83' lang='lat' dir='ltr'>necesse</span> <span class='ocrx_word' id='word_1_185' title='bbox 545 2704 621 2762; x_wconf 87' lang='lat' dir='ltr'>est,</span> <span class='ocrx_word' id='word_1_186' title='bbox 649 2702 684 2751; x_wconf 92' lang='lat' dir='ltr'>ut</span> <span class='ocrx_word' id='word_1_187' title='bbox 708 2701 739 2752; x_wconf 88' lang='lat' dir='ltr'>et</span> <span class='ocrx_word' id='word_1_188' title='bbox 763 2684 823 2770; x_wconf 87' lang='lat' dir='ltr'>ipsi</span> <span class='ocrx_word' id='word_1_189' title='bbox 844 2685 980 2769; x_wconf 84' lang='lat' dir='ltr'>placeat.</span> 
     </span>
    </p>

    <p class='ocr_par' dir='ltr' id='par_1_14' title="bbox 143 2769 1044 3042">
     <span class='ocr_line' id='line_1_29' title="bbox 144 2769 1044 2864; baseline 0.003 -28"><span class='ocrx_word' id='word_1_190' title='bbox 144 2769 150 2776; x_wconf 71' lang='grc'><strong>’</strong></span> <span class='ocrx_word' id='word_1_191' title='bbox 211 2771 253 2836; x_wconf 87' lang='lat' dir='ltr'>Et</span> <span class='ocrx_word' id='word_1_192' title='bbox 278 2770 406 2858; x_wconf 89' lang='lat' dir='ltr'>quidem</span> <span class='ocrx_word' id='word_1_193' title='bbox 435 2773 650 2864; x_wconf 85' lang='lat' dir='ltr'>unusquisque</span> <span class='ocrx_word' id='word_1_194' title='bbox 677 2773 807 2858; x_wconf 88' lang='lat' dir='ltr'>proprio</span> <span class='ocrx_word' id='word_1_195' title='bbox 830 2774 1044 2840; x_wconf 55' lang='lat' dir='ltr'>,conscientiae</span> 
     </span>
     <span class='ocr_line' id='line_1_30' title="bbox 143 2855 1044 2956; baseline 0.002 -34"><span class='ocrx_word' id='word_1_196' title='bbox 143 2856 329 2940; x_wconf 80' lang='lat' dir='ltr'>&#39;testimonio</span> <span class='ocrx_word' id='word_1_197' title='bbox 354 2855 551 2944; x_wconf 61' lang='lat' dir='ltr'>experitur,&#39;</span> <span class='ocrx_word' id='word_1_198' title='bbox 566 2881 597 2924; x_wconf 87' lang='lat' dir='ltr'>se</span> <span class='ocrx_word' id='word_1_199' title='bbox 621 2855 740 2924; x_wconf 87' lang='lat' dir='ltr'>bonum</span> <span class='ocrx_word' id='word_1_200' title='bbox 766 2875 946 2956; x_wconf 70' lang='lat' dir='ltr'>appetere,</span> <span class='ocrx_word' id='word_1_201' title='bbox 975 2884 1044 2926; x_wconf 84' lang='lat' dir='ltr'>ma·</span> 
     </span>
     <span class='ocr_line' id='line_1_31' title="bbox 144 2943 1042 3042; baseline 0.007 -35"><span class='ocrx_word' id='word_1_202' title='bbox 144 2943 211 3008; x_wconf 91' lang='lat' dir='ltr'>lum</span> <span class='ocrx_word' id='word_1_203' title='bbox 237 2962 342 3026; x_wconf 83' lang='lat' dir='ltr'>autem</span> <span class='ocrx_word' id='word_1_204' title='bbox 369 2947 609 3040; x_wconf 39' lang='lat' dir='ltr'>3V²¹⁵r²¹l½llii</span> <span class='ocrx_word' id='word_1_205' title='bbox 644 2949 752 3014; x_wconf 80' lang='lat' dir='ltr'>&#39;autem</span> <span class='ocrx_word' id='word_1_206' title='bbox 789 2947 890 3042; x_wconf 84' lang='lat' dir='ltr'>probe</span> <span class='ocrx_word' id='word_1_207' title='bbox 922 2947 1042 3038; x_wconf 79' lang='lat' dir='ltr'>atteudi</span> 
     </span>
    </p>
   </div>
   <div class='ocr_carea' id='block_1_5' title="bbox 0 0 1140 3416">
    <p class='ocr_par' dir='ltr' id='par_1_15' title="bbox 0 0 1140 3416">
     <span class='ocr_line' id='line_1_32' title="bbox 0 0 1140 3416; baseline 0 1"><span class='ocrx_word' id='word_1_208' title='bbox 0 0 1140 3416; x_wconf 95' lang='lat' dir='ltr'> </span> 
     </span>
    </p>
   </div>
  </div>
 </body>
</html>
