2298 3418
176 95 224 158 a4
324 95 338 118 ·
401 109 405 118 ·
445 77 791 150 rusrrrvn.en1'tot.

174 149 267 233 Deus
287 165 329 232 ite
350 174 528 236 necessario
552 172 698 249 exsistit,
723 188 882 254 utraeque
905 169 1064 257 aprmci·

174 256 237 344 pio
257 257 399 336 interno,
415 280 522 347 neque
540 259 581 326 ab
597 261 661 324 ulla
675 280 773 326 cauta
790 277 920 324 externa
935 260 1066 328 destrui

174 348 291 433 possis.
304 347 406 418 Vnde
417 371 503 416 urens
516 346 651 418 humana
664 367 695 416 et
705 345 839 434 quilibet
854 365 979 413 creatus
993 351 1066 436 spi-

178 434 257 500 ritus
272 455 337 498 nou
349 433 464 502 habent
476 439 739 512 immortalitatem
755 433 912 506 relativam
926 435 1064 504 inomni

179 541 283 586 seusu.
307 523 460 602 Quamvis
476 527 559 592 enirn
583 525 787 615 nonpossint
808 523 922 590 destrui
943 545 977 590 et
991 525 1060 591 'an-

177 611 301 678 nihilari
318 611 359 676 ab
373 614 522 682 alioeute
536 635 667 695 creato,
689 630 824 704 possunt
838 631 940 680 tamen
955 613 1059 681 abso-

179 699 246 768 lule
266 701 427 768 annihilari
443 727 461 768 a
477 704 559 771 Deo.

224 792 275 858 V.
320 790 433 870 Quum
444 815 532 883 ergo
548 794 734 881 quaeritur,
758 813 798 858 au
815 811 900 858 mens
918 784 1054 859 hnmana

178 877 222 946 sit
232 879 436 962 immortalis,
450 887 594 970 quaestio
607 905 670 948 non
683 902 750 959 est,
765 903 835 946 ana
851 879 923 945 Deo
934 880 1056 949 absolu·
1136 929 1137 938 η

179 986 214 1035 te
230 968 391 1036 annihilari
414 975 539 1060 possit,
563 972 618 1039 sed
633 972 791 1059 quaeritur
811 969 1001 1042 dumtaxatt
1024 991 1055 1034 1.

177 1080 222 1129 au
236 1081 326 1124 mens
337 1058 473 1126 humana
487 1061 608 1126 nullum
622 1059 736 1128 halheat
752 1059 830 1125 inse
844 1078 876 1124 et
892 1081 934 1124 ex
946 1075 1061 1125 natura
1136 1091 1137 1136 3

179 1169 237 1213 sua
254 1149 439 1251 principium
453 1151 619 1232 interitura·
633 1169 673 1216 11.
686 1149 725 1214 an
739 1149 824 1212 nulla
839 1147 871 1212 in
886 1165 959 1212 roto
972 1171 1062 1214 mun·
1136 1205 1137 1216 ,

180 1236 226 1300 do
248 1253 377 1302 exrtstat
401 1260 495 1304 causa
518 1258 623 1305 creata
639 1257 769 1304 externa
790 1248 927 1302 mentem
942 1256 1059 1326 potens

178 1324 358 1398 ,destrueret
378 1345 434 1391 111.
449 1350 488 1392 an
508 1329 594 1394 Deus
610 1329 690 1392 nolit
705 1349 773 1393 earn
794 1323 983 1405 annihilare,
1002 1341 1058 1391 aut

176 1436 249 1480 eam
262 1434 383 1481 mutare
394 1439 545 1502 umquam
557 1417 658 1496 ita,ut
674 1412 838 1480 facultates
847 1415 972 1492 vitales,
982 1431 1061 1501 quas

178 1502 213 1568 in
242 1526 279 1570 ea
307 1505 595 1593 deprehendimus,
625 1505 758 1572 amittae.
791 1503 853 1568 Hic
882 1521 930 1568 est
958 1522 1062 1568 status

182 1595 404 1682 quaestlonis,
434 1597 489 1683 qul
518 1595 645 1682 quidem
672 1591 774 1680 probe
804 1589 926 1658 attendi
950 1590 1063 1658 debet.
1136 1599 1137 1670 ζ

227 1679 297 1748 VI.
342 1683 422 1749 Fide
437 1703 558 1750 certum
574 1701 640 1760 est,
656 1693 796 1748 mentem
808 1679 976 1744 humanam
992 1703 1060 1747 non
1136 1683 1137 1688 ’

183 1769 380 1855 interituram
404 1795 476 1838 cum
499 1795 634 1860 corpore
651 1817 661 1848 ,
680 1783 714 1837 et
736 1771 768 1835 in
783 1789 944 1834 aeternum
963 1769 1066 1836 dura·

185 1873 290 1922 turam
308 1862 474 1925 viventem.
493 1861 577 1926 Hinc
592 1859 738 1925 Christus
762 1859 916 1922 Dominus
930 1856 1068 1924 Matth.

188 1966 241 2016 10.
261 1971 292 2014 u.
315 1950 390 2016 au:
417 1947 535 2028 nolite,
556 1948 675 2038 inquit,
698 1953 811 2013 timere
832 1969 903 2024 eor,
929 1951 987 2036 qui
1004 1971 1069 2016 oc-

187 2035 303 2104 cidunt
323 2059 458 2126 corpus,
481 2043 750 2105 animamarum
771 2058 831 2102 non
852 2053 990 2122 possunt
1003 2059 1066 2103 oc·-

128 2193 129 2206 ,
187 2124 298 2190 cidere
309 2147 332 2202 ;‘
348 2143 378 2190 et
396 2123 531 2192 lohann.
549 2148 599 2195 ra.
615 2149 646 2190 u.
666 2147 681 2189 2
688 2145 739 2213 5..·
761 2128 821 2216 qui
831 2124 901 2188 odit
919 2130 1067 2190 animam

187 2235 283 2280 ruam
303 2219 336 2280 in
357 2213 414 2280 hoc
428 2215 568 2295 mundo,
592 2219 625 2280 in
640 2218 742 2280 viram
766 2229 934 2286 aetertum
950 2231 1066 2280 custo·

187 2303 240 2370 dit
261 2327 349 2382 eam..
366 2301 535 2372 Innumera
559 2303 618 2368 alia
634 2323 707 2366 sunt
724 2304 864 2368 desumta
881 2323 921 2366 ert
944 2303 1067 2368 revela·

190 2394 507 2482 tioneiargumenm
538 2391 649 2478 quibus
678 2392 833 2456 humanae
859 2393 968 2476 mentis
998 2391 1066 2455 im·

186 2483 364 2546 mortalitas
389 2501 479 2546 extra
511 2501 646 2547 omnent
666 2479 895 2545 dubitationem
920 2481 1064 2567 ponitur.
1136 2485 1137 2522 f

190 2567 319 2639 ¹Verum
345 2591 382 2635 ea
406 2569 475 2636 heic
497 2593 560 2634 non
584 2572 785 2658 attingimus,
812 2590 850 2635 ne
874 2567 905 2630 in
930 2568 1065 2634 alienam

191 2678 320 2724 messem
339 2656 449 2722 falcem
466 2658 658 2734 iniiciamus3
682 2657 842 2722 nonenim
864 2659 1067 2738 auctoritate,
1136 2683 1137 2688 ¹

192 2751 248 2812 sed
271 2746 390 2810 ratione
406 2765 527 2812 tantum
551 2746 611 2810 hoc
634 2747 707 2810 loco
723 2745 880 2833 agendum
900 2745 990 2809 nobis
1007 2765 1066 2812 est.
1136 2789 1137 2832 7

191 2835 368 2920 Quumque
390 2832 582 2901 lateranense
604 2835 771 2899 concilium
793 2833 851 2898 sub
876 2831 937 2898 Iul
959 2832 1007 2898 II.
1030 2853 1066 2902 et
1136 2833 1137 2874 ³

192 2921 301 2988 Leone
319 2921 360 2991 X,
376 2921 567 2986 celebratum
583 2923 788 3008 philosophos
810 2943 919 2988 omnes
932 2945 1012 2988 serr.
1028 2923 1064 2989 8.
1136 2963 1137 2988 t

189 3010 321 3092 excitet,
333 3025 368 3074 ut
381 3007 424 3074 ad
435 3009 526 3076 issam
540 3003 707 3100 capidalent
722 3015 753 3078 in
762 3011 931 3078 christiana
941 3009 1064 3101 religios
