2298 3418
277 124 362 172 unns
389 121 461 170 ιιι.
493 121 655 170 zoorons.
685 121 763 169 our.
798 121 825 164 ι.
909 99 972 189 189

124 190 188 254 eui
216 197 305 258 notio
335 193 454 283 generis
480 191 530 260 rel
554 191 669 278 speciei
703 187 876 258 convenire
912 191 974 256 de·

125 278 365 367 prehenditur3
396 300 451 348 aut
483 282 513 346 in
540 301 614 344 casu
639 279 823 357 contrrrio,
861 299 975 368 numen

126 368 213 432 illud
232 371 379 438 subiecto
398 370 492 436 tribui
517 389 609 456 posse
625 389 796 458 negamur3
820 367 872 432 vel
886 367 977 456 quod

130 460 241 545 generi
269 479 325 526 aut
357 459 475 547 speciei
506 458 678 536 convenit,
715 459 783 524 sire
817 455 976 536 absolute,

130 547 201 622 sive
230 548 291 614 sub
320 549 396 615 data
425 549 708 624 determinatione,
738 546 771 612 id
809 545 976 612 tribuimus

129 635 301 716 subiecto,
330 636 420 724 quod
450 634 491 702 ud
518 657 614 724 genus
645 637 730 701 istud
759 634 809 702 vel
839 635 977 720 speciem

129 721 229 788 istam
255 724 364 792 referri
389 729 627 814 cognoscimus,
653 725 760 790 autin
787 743 863 788 casu
889 745 974 790 cun·

132 815 255 891 trario,
273 815 305 880 id
328 813 471 880 subiecto
494 814 588 878 trrlrni
609 835 705 900 posse
728 833 902 900 negamus;¹
919 811 977 880 sed

130 900 216 966 dum
241 901 323 972 haec
348 901 496 979 facimus,
518 901 594 966 nihil
616 902 672 969 nisi
695 900 818 971 dictum
834 900 876 966 de
891 905 979 968 omni

134 1003 172 1054 et
197 988 289 1055 nullo
311 991 417 1070 debita
441 991 563 1058 ratione
583 989 623 1056 ad
644 990 748 1056 varios
763 1009 853 1054 casus
870 1007 974 1057 trans·
1016 1039 1019 1046 -

137 1073 290 1158 ferimus,
305 1103 379 1170 ergo
403 1101 512 1146 ornnes
533 1101 546 1144 s
575 1079 710 1169 llogisnri
728 1077 873 1144 nituntur
888 1080 977 1148 dictu

135 1163 183 1230 de
210 1172 293 1233 omni
314 1187 346 1236 et
371 1165 472 1236 nullo.
496 1103 659 1236 Haiemut
684 1168 767 1236 adeo
795 1169 917 1232 firrnurn
944 1185 977 1236 et

134 1253 346 1322 inconcusum
375 1255 635 1338 fundamentum,
663 1258 713 1322 cui
739 1258 839 1322 omnis
868 1257 976 1346 syllo-

113 1385 116 1392 1
136 1342 310 1431 gismorum
326 1346 470 1412 doctrina
485 1345 732 1436 superstruenda
754 1361 819 1422 eut,
842 1367 860 1408 a
880 1363 976 1414 vete-

136 1431 226 1498 ribus
255 1434 376 1502 dudurn
401 1435 674 1515 animadversum,
702 1455 721 1500 a
746 1433 974 1502 recentioribus

137 1524 286 1590 nonnulis
317 1545 485 1612 perperam
510 1525 701 1612 neglectum.

185 1611 223 1680 V
226 1655 234 1673 ·
282 1609 317 1674 In
342 1613 428 1678 nullo
451 1611 637 1701 syllogismo
657 1609 825 1701 praemissa
840 1623 975 1695 utraque

138 1717 249 1787 potest
272 1723 341 1768 esse
362 1701 567 1791 particularis.
593 1701 710 1766 Omnes
723 1699 804 1764 enirn
818 1697 976 1788 syllogis-

140 1788 182 1852 mi
211 1790 354 1858 nituntur
376 1789 466 1856 'dicto
489 1787 531 1856 de
555 1794 640 1856 omni
665 1803 697 1856 et
723 1785 835 1865 nullo;
864 1795 919 1854 sed
941 1790 975 1856 vi

139 1874 232 1942 huius
256 1878 403 1967 principii
425 1877 466 1945 de
492 1877 680 1965 quibusdum
702 1875 762 1943 sub
788 1897 899 1966 genere
923 1877 976 1946 rel

141 1969 245 2053 specie
269 1966 429 2034 contentis
453 1963 623 2033 affirmatur
649 1966 701 2034 vel
717 1986 871 2054 negatur,
887 1967 976 2053 quod

142 2055 181 2119 de
221 2057 306 2120 omni
342 2055 446 2144 generi
479 2058 529 2122 vel
565 2057 671 2144 speeie
709 2051 883 2119 affirmatur
923 2055 976 2122 rel

140 2161 293 2231 negatum
312 2166 410 2231 quare
432 2165 533 2232 quum
555 2167 618 2210 una
639 2143 878 2233 praemissarum
901 2145 976 2208 uni-

144 2233 300 2297 versaliter
330 2234 493 2298 enuntiare
516 2232 649 2310 debeat,
679 2229 767 2316 quod
786 2230 817 2292 in
840 2234 976 2296 conclu-

144 2319 231 2386 sione
249 2320 482 2408 particulariter
503 2318 674 2386 affirmatur
696 2319 746 2383 vel
770 2335 923 2406 negatur,
945 2321 978 2390 in
1013 2336 1017 2344 ·

145 2409 231 2474 nullo
254 2410 441 2498 syllogismo
467 2427 600 2496 utraque
624 2406 794 2496 praemissa
811 2423 915 2495 potest
930 2431 978 2475 es·
1069 2411 1072 2424 '

145 2517 178 2564 se
214 2499 422 2585 particularis.
460 2497 544 2564 Hinc
586 2519 650 2564 non
691 2495 771 2564 bene
813 2497 978 2565 concludit

146 2583 194 2652 hic
207 2587 411 2676 syllogismus
421 2613 431 2652 .·
443 2586 580 2677 quidam
593 2587 737 2654 iomoert
747 2609 762 2664 ,·
771 2601 907 2653 sanctus
919 2588 983 2656 sed

146 2679 279 2763 quidam
301 2681 390 2742 homo
408 2694 457 2743 est
470 2673 558 2757 fun·
585 2697 661 2765 ergo
684 2674 819 2764 quidam
833 2674 899 2756 fur
929 2693 981 2744 ert

146 2779 289 2830 sanctur.
317 2765 437 2852 Neque
463 2763 546 2832 enirn
567 2765 619 2830 ille
645 2763 743 2826 homo
768 2764 821 2847 qui
845 2780 893 2830 est
917 2761 981 2846 fur,

147 2853 326 2918 nominetur
349 2855 380 2918 in
405 2873 537 2922 numero
559 2844 669 2919 eoiurn
696 2849 753 2940 qui
776 2869 848 2918 suut
873 2855 982 2919 sancti.

351 2951 356 3016 l
