2258 3428
213 149 277 238 138
445 167 627 218 ussssvr.
652 167 796 218 curuos.
992 213 994 218 ,

211 236 350 304 cendum
368 237 452 305 enim
477 257 543 308 este
569 239 760 329 triangulum
783 233 977 309 sectillneum
993 255 1053 304 ta·

212 326 307 415 tione⁸
321 326 456 394 laterum
474 327 626 396 dividitur
646 331 676 394 in
696 329 948 417 aequilaterum,
966 327 1055 392 isos-

212 417 297 483 celes
319 432 352 482 et
375 417 555 484 scalenum
580 417 702 486 rasione
729 435 835 484 autem
855 418 1053 506 angulorum

112 543 118 556 s
214 502 366 570 dividitur
379 506 410 570 in
424 507 652 600 ammangulum
668 551 680 592 ,
706 508 925 597 reotmgulum
938 524 969 574 et
982 503 1056 572 ob·

213 593 434 685 susaugulum.
462 651 468 658 .

424 861 558 944 mus
573 837 843 943 suevuu'u

467 1061 798 1190 LOGICE'S.

496 1263 686 1376 'cAPvT
715 1303 745 1373 1.

221 1543 226 1550 .
305 1478 364 1550 Do
382 1437 507 1554 msooo
530 1482 650 1553 iudicii
670 1497 703 1551 st
720 1481 967 1576 propositionis.

219 1629 290 1813 In
316 1751 420 1816 omui·
437 1747 556 1818 iudicio
590 1747 783 1822 considerari
817 1747 937 1819 debent
972 1745 1058 1814 duae

220 1837 393 1918 notiones,
417 1860 532 1924 nempe
557 1841 647 1904 notio
672 1841 717 1908 rei
734 1883 752 1920 ‚·
771 1836 814 1904 de
841 1859 908 1927 qua
934 1835 1061 1926 aliquid

124 1979 127 1985 Α
220 1919 393 1992 affirmatur
416 1929 466 1994 vel
491 1943 658 2015 negatur,
698 1946 731 1998 et
755 1926 846 1994 notio
875 1926 972 2013 ipsius
1001 1926 1061 2003 rei,

220 2033 302 2099 quae
315 2012 488 2084 affirmatur
510 2017 561 2084 vel
577 2035 732 2105 negatur,
760 2015 837 2082 dum
857 2015 979 2080 scilicet
995 2035 1063 2082 no·

220 2102 322 2170 tiones
354 2105 424 2172 illae
463 2127 520 2191 pes
555 2105 708 2172 iudicium
731 2106 976 2192 coniunguntur
1009 2100 1062 2168 tel

221 2209 416 2278 separantur.
445 2195 587 2262 Solemus
603 2194 698 2262 etiam
710 2192 866 2260 iudicium
881 2191 986 2260 verbis
1007 2190 1064 2263 et-

221 2274 327 2362 ferre,
358 2301 489 2370 tumque
510 2283 590 2350 illud
614 2287 784 2352 enuntiare
808 2284 861 2350 vel
879 2301 1063 2370 proponere

222 2367 364 2440 dicimus.
393 2373 497 2442 Vnde
520 2377 702 2438 enuntiatio
717 2373 785 2438 sive
795 2371 976 2459 propositio
1000 2384 1062 2436 ests

222 2464 354 2539 oratio,
377 2479 445 2552 qao
458 2460 564 2526 alteri
573 2459 815 2550 significamus,
832 2457 918 2550 quid
929 2460 981 2524 roi
995 2456 1065 2526 ali·

223 2552 279 2614 cui
293 2554 489 2630 conueniat,
517 2549 571 2616 vel
592 2573 653 2617 non
672 2553 852 2617 conveniat.
878 2546 1064 2636 Propositio

223 2634 319 2723 igitur
334 2635 439 2704 dlffert
459 2638 609 2705 sindiclo
626 2685 636 2718 ‚
666 2636 938 2724 quemadmodum
954 2635 1064 2702 differt

224 2725 418 2793 vocabulum
438 2727 478 2815 ab
502 2730 570 2815 ipsa
585 2729 714 2792 notione
737 2727 920 2814 significata.
952 2724 1065 2802 Quum

225 2834 302 2900 ergo
325 2815 430 2883 inanes
454 2814 646 2900 fallacesque
673 2837 770 2882 voces
795 2812 933 2880 nonnisi
955 2814 1065 2880 inanes

223 2899 418 2995 fallacesque
445 2904 531 2988 ideas
554 2903 707 2994 parianu
736 2903 779 2972 ita
808 2904 902 2974 etiam
929 2923 974 2972 ex
998 2903 1065 2972 iue-
