2270 3416
175 87 238 146 las
300 151 305 162 ,
455 96 795 147 memmonicos.
832 85 862 99 ’“

168 168 272 232 maius
284 165 463 255 appetimus
480 170 706 259 magis,quam
717 165 965 258 bonumminus.
984 166 1029 232 E.
1048 191 1078 258 g.

171 256 198 319 ti
214 256 279 320 duo
294 256 388 320 nobis·
398 256 574 324 offerentur
589 258 709 322 nummi
724 259 811 322 aurei
822 293 841 335 ,·
852 271 884 320 et
896 277 936 320 ex
952 257 989 321 iis
999 279 1080 322 unus

169 343 335 432 eligendus·
349 343 410 410 site
436 345 526 411 nobis
547 367 625 412 vero
648 361 799 424 constet,
824 357 922 409 utrum
942 365 1017 412 esse
1031 349 1081 422 le-

168 433 268 520 gitimi
295 435 463 520 ponderis,
488 435 622 501 alterum
647 433 797 522 ponderis
822 436 909 498 insto
934 435 1080 514 minoris3

171 520 199 584 si
224 519 299 585 nihil
324 522 409 587 aliud
433 525 465 588 in
496 523 543 588 his
570 519 712 586 nummis·
727 521 989 601 consideremus,
1007 545 1080 590 eum

174 608 417 700 anteponimus,
439 612 494 698 qui
516 612 641 702 legitimi
664 629 712 676 est
737 609 907 698 ponderist
930 610 1000 678 lieri
1026 631 1081 678 ta·

69 735 73 744 =
173 719 245 764 men
274 715 404 786 potest,
427 719 464 766 ut
486 704 556 789 quis
579 700 637 765 alia
660 701 798 787 quadam
812 697 933 764 ratione
949 721 1078 787 permo-

174 800 225 852 tus
246 807 319 851 eum
344 786 521 876 praeferat,
542 791 597 878 qui
618 789 743 853 minoris
771 803 820 854 est
842 787 1008 874 ponderis.

239 873 365 943 Obiect.
398 897 427 942 2.
443 877 560 958 Quum
576 877 642 943 duo
657 876 750 956 nobis
771 875 952 942 offeruntur
969 873 1075 942 obiec-

175 977 228 1041 ta,
252 985 334 1053 quae
367 987 405 1032 ae
430 985 470 1033 ue
494 964 792 1045 bona'iudieamus,
814 981 913 1037 unum
938 983 1074 1052 antepo-

176 1054 274 1117 nimus
290 1054 391 1120 alteri.
406 989 457 1120 dra
472 1053 496 1119 si
510 1077 550 1122 ex
566 1052 691 1121 duobus
710 1054 843 1119 nummis
857 1053 984 1133 aureis,
996 1055 1073 1122 inter

175 1161 256 1230 quos
279 1139 401 1210 nullum
424 1142 588 1212 discrimen
607 1142 828 1222 observamus,
852 1163 954 1208 uuum
976 1143 1075 1232 eliga-

175 1251 264 1306 mus,
283 1251 367 1320 prae
381 1231 501 1314 tltero,
524 1234 611 1320 atqui
627 1250 704 1296 tunc
723 1229 809 1296 nulla
821 1247 875 1296 *est
891 1231 977 1295 ratio
991 1231 1076 1296 voli-

176 1316 290 1397 tionis;
312 1342 389 1412 ergo
407 1322 511 1388 anima
531 1322 571 1387 ad
588 1320 760 1386 volendum
777 1335 808 1385 et
821 1319 999 1386 nolendum
1013 1341 1074 1386 non

169 1425 300 1496 semper
326 1429 360 1476 se
382 1407 569 1476 determinat
591 1429 663 1475 cum
682 1408 805 1473 motivo
825 1408 946 1495 tliquo.
961 1409 1073 1496 Respo

176 1494 208 1561 in
221 1495 284 1562 hoc
298 1517 374 1564 casu
390 1519 512 1586 semper
525 1498 626 1566 inesse
647 1498 784 1584 aliquam
808 1496 974 1562 electionis
989 1499 1074 1562 ratio·

177 1605 259 1650 nem.
275 1586 319 1650 Et
334 1587 462 1676 quidem
480 1587 528 1652 1.⁰
544 1586 632 1653 Licet
647 1588 734 1651 nulla
749 1585 829 1652 adsit
846 1587 928 1650 tatio
940 1587 1073 1666 interna,
1119 1637 1120 1673 ,

176 1693 232 1738 eur
246 1696 343 1740 unum
356 1697 518 1742 nummum
532 1675 620 1741 alteri
635 1671 860 1762 praeferamus,
870 1691 983 1760 potest
995 1676 1074 1741 ades·

177 1781 210 1829 se
231 1779 379 1843 externa,
401 1781 437 1830 ut
456 1765 479 1828 si
503 1785 535 1828 v.
553 1787 584 1854 g.
600 1764 697 1843 scias,
713 1785 813 1828 uuum
836 1784 877 1827 ex
907 1761 958 1827 lris
982 1786 1074 1829 num-

177 1853 232 1916 mis
254 1849 350 1920 fuisse
374 1853 430 1920 viri
445 1853 608 1941 cuiusdam
632 1853 806 1940 praeclari,
824 1851 913 1914 cuius
927 1854 1073 1919 memoria
1118 1829 1119 1909 l

176 1937 233 2004 tibi
255 1941 393 2006 iucunda
414 1958 479 2020 este
502 1943 554 2009 vel
579 1943 602 2005 si
628 1940 713 2005 nulla
739 1941 798 2005 alia
820 1958 973 2005 occurrat
998 1943 1072 2008 ratio

177 2026 301 2094 interna
318 2077 329 2108 ,
358 2052 414 2096 cut
438 2051 541 2100 ,unum
578 2049 741 2094 nummum
774 2027 863 2093 alteri
900 2027 1071 2115 praeferam

177 2137 249 2182 eum
266 2118 394 2206 arripis,
409 2118 448 2184 ad
462 2141 556 2203 quem
572 2117 768 2183 commodius
784 2114 948 2181 brachium
965 2137 1074 2186 exten·

178 2204 242 2285 dis,
271 2207 321 2274 rel
337 2209 389 2294 qui
403 2209 443 2273 ad
466 2208 548 2271 illam
566 2227 686 2296 partem
699 2205 822 2292 positus
840 2221 908 2282 est,
923 2205 967 2272 ad
984 2229 1074 2294 quam

178 2295 371 2363 consuevisti
395 2295 558 2362 brachium
583 2295 775 2373 extendere,
791 2295 866 2360 dum
881 2294 1002 2382 aliquid
1014 2317 1073 2362 ma·

179 2403 221 2447 nu
246 2385 356 2472 capis,
374 2385 448 2474 quia
467 2383 730 2450 acousuetudine
755 2382 869 2471 agendi
883 2381 962 2449 sine
980 2385 1073 2450 ratio·

179 2493 219 2537 ne
245 2493 308 2538 noo
337 2475 523 2540 recedimus.
554 2475 614 2538 11.⁰
636 2473 666 2536 Si
692 2471 798 2537 omnia
830 2472 1072 2559 aequipollentia

180 2558 346 2628 videantur
369 2564 429 2641 ita,
454 2581 490 2628 ut
506 2557 665 2629 electionis
679 2559 771 2626 unius
784 2555 900 2625 obiecti
916 2563 1004 2628 nulla
1019 2586 1073 2628 no·

180 2645 227 2713 bis
249 2649 328 2715 adsit
344 2651 423 2716 ratio
447 2673 550 2739 neque
574 2653 695 2716 interna
716 2651 819 2736 neque
835 2667 988 2729 externa,
1005 2651 1072 2718 inde

179 2737 381 2830 colligimus,
412 2740 544 2827 perinde
582 2759 711 2828 prorsus
748 2757 848 2816 esse,
878 2737 947 2804 sive
979 2762 1073 2806 unum
1114 2811 1115 2816 η

180 2825 244 2891 sive
271 2811 404 2894 alierum
426 2830 464 2903 pli
488 2849 588 2893 amus.
615 2825 759 2914 ideoque
786 2824 982 2892 deceruimus
1003 2829 1074 2896 illud
1114 2819 1115 2857 ¹

180 2913 378 3002 eligendum,
393 2853 487 3001 quod
501 2918 634 3002 primum
650 2913 739 2980 nobis
755 2912 883 2978 obvium
895 2931 957 2993 est,
974 2933 1007 2981 et
1019 2939 1074 2984 ma·

181 3018 274 3069 nense
297 3001 360 3068 hoc
380 3003 547 3092 proposito
562 3003 641 3072 iilud
655 3001 821 3093 eligimus,
836 3002 926 3093 quod
941 3007 1074 3094 primum
1113 3073 1114 3093 ,
