2270 3416
291 77 426 164 rtrtsrl
444 103 604 158 aaran.
632 101 709 152 nte.
729 103 777 152 rr.
914 105 975 173 epe

3 235 5 248 ,
75 176 121 242 ab
143 177 308 246 existentia
336 177 431 264 ipsius
454 177 485 242 C
505 193 568 244 cet.
602 191 757 264 quatenus
783 167 839 238 tali
866 172 980 244 ordine
1033 221 1037 228 -

3 267 5 276 '
80 283 114 344 se
141 264 276 332 invicem
301 281 561 356 consequuntur,
590 280 628 330 ut
656 263 688 326 A
715 261 979 350 sitprimum,B

2 359 5 439 ζ
80 356 281 431 secundum,
311 356 340 420 C
367 356 495 422 tertium
524 368 587 419 cet.
624 350 788 417 notionem
826 351 981 440 temporis

2 448 5 459 ’
80 437 261 510 formamus.
280 441 394 529 ltaque
417 461 546 530 tempus
561 440 712 510 definiunt
725 465 734 504 r
748 437 892 504 ordinem
906 461 981 512 sue·

77 536 273 598 resciverunt
296 536 330 598 in
344 535 428 598 serie
449 533 612 599 continua.
639 531 688 593 Ac
705 525 838 616 proinde
854 543 981 615 tempus

3 667 6 692 .
76 637 144 682 non
161 620 228 686 dari
239 666 250 698 ,
271 619 460 703 aiunt„nisi
481 618 701 686 existentibus
729 618 922 682 successivis
947 621 982 687 itt

2 780 6 800 ι
77 711 345 774 continuarem.
368 706 512 795 Ideoque
542 723 648 796 partes
666 705 815 791 temporis
830 702 981 772 actuales

2 805 8 876 f
80 796 185 860 nullas
209 796 398 877 admittunt,
418 796 477 862 nisi
493 816 572 883 quae
594 816 651 882 per
676 814 780 858 rerum
802 793 981 864 existentias

3 957 6 968 Ι
81 899 156 946 actu
176 883 389 974 designantur.
419 882 457 948 In
477 883 535 948 hac
550 881 723 974 hypothesi
737 899 861 970 tempus
876 903 909 949 se
925 881 983 950 ha·

2 983 7 996 ⁹
81 969 137 1036 bet
154 974 195 1037 ad
212 994 258 1044 res
274 975 461 1040 successivas
477 973 568 1038 sicuti
585 990 732 1036 uumerus
745 968 786 1034 ad
804 991 851 1035 res
865 991 982 1038 nume-

3 1137 6 1148 .
83 1077 182 1138 rarae.
200 1060 361 1138 Numerus
374 1063 456 1130 euim
473 1080 518 1128 est
531 1059 717 1147 earumdem
728 1057 884 1124 unitatum
895 1061 982 1130 mul..

2 1154 5 1175 ¹
83 1145 213 1227 titudo;
227 1170 280 1234 per
297 1151 431 1216 unitates
446 1169 551 1218 autem
564 1149 768 1236 designantur
782 1147 883 1225 entia,
900 1169 983 1232 quo·

81 1255 155 1303 rum
190 1238 443 1326 unumquodque
469 1259 565 1304 uuum
597 1255 654 1303 est.
688 1235 850 1304 Numerus
885 1235 981 1324 igitur

81 1323 193 1408 differt
206 1347 225 1389 a
239 1325 333 1394 rebus
353 1327 542 1406 numeratis,
557 1347 621 1390 non
634 1321 737 1392 ter'tten
755 1323 849 1390 datur
862 1327 917 1390 nisi
932 1349 982 1392 re·
1056 1399 1058 1407 ¹

3 1411 5 1446 *
81 1411 148 1493 bus
174 1414 392 1482 existentibus.
409 1415 458 1482 lta
476 1417 568 1484 etiam
585 1431 709 1502 tempus
724 1411 884 1478 diversum
901 1433 947 1500 est
962 1439 985 1488 a.

35 1495 53 1576 s
80 1499 180 1573 rebus
192 1505 456 1586 successivis,„illis
468 1521 571 1570 tamen
587 1501 714 1566 sublatis
726 1501 857 1565 tollitur.
866 1499 982 1588 Itaque

3 1585 5 1618 i
80 1609 255 1676 antequam
275 1585 448 1662 existerent
474 1613 521 1658 res
546 1591 757 1666 successivae,
779 1587 980 1676 intelligimus

79 1677 214 1764 quidem
228 1699 354 1766 tempus
370 1679 541 1770 possibile,
556 1696 710 1764 quatenus
726 1677 903 1761 possibilem
926 1699 981 1753 τεὴ
1017 1749 1020 1756 ⁴

81 1789 155 1835 rum
169 1769 418 1836 suceessiuarum
442 1770 639 1840 existentiam
654 1765 743 1832 uobis
758 1787 982 1856 repraesenta·

81 1875 174 1932 muse
187 1857 311 1923 nullum
325 1879 405 1932 vero
417 1859 572 1927 extitisset
587 1874 711 1943 tempus
723 1855 857 1936 actuale.
871 1856 981 1934 Quare

84 1944 307 2046 tempus'iilud
321 1947 460 2025 actuale,
476 1945 564 2032 quod
580 1961 652 2012 aute
667 1944 776 2008 mundi
791 1945 982 2016 creationem

81 2032 258 2120 fingimus,
274 2035 497 2124 imaginationis
516 2033 635 2100 foetum
651 2054 717 2098 esse
730 2077 741 2113 ,
755 2033 877 2100 dicunt.
994 2061 997 2070 ·

151 2118 253 2209 Igitur
277 2123 462 2201 adfirmant,
482 2147 521 2190 ex
545 2123 683 2190 idearum
706 2140 881 2190 nostrarum
905 2143 981 2190 sue·
1068 2191 1069 2196 ,

78 2208 225 2280 cessione
238 2232 296 2274 nos
311 2227 435 2299 tempus
450 2225 650 2301 cognoscere.
668 2209 827 2298 Perpetuo
843 2213 931 2276 fluxu
948 2215 980 2278 in·

80 2296 178 2362 nobis
208 2301 399 2387 percipimus
427 2301 634 2390 multiplicem
672 2297 814 2364 idearum
851 2319 981 2375 succes·
1052 2351 1054 2356 s

83 2387 218 2466 sionem.
247 2388 332 2455 Dum
362 2387 446 2456 ideas
476 2389 544 2454 illas
579 2388 689 2454 mentis
717 2386 783 2452 acie
808 2385 980 2469 iutuemur,

83 2475 324 2562 cognoscimus,
350 2497 408 2542 nos
435 2478 587 2555 existere,
616 2499 653 2542 ac
677 2495 734 2564 per
759 2495 811 2542 eas
835 2477 980 2544 novimus

84 2563 220 2629 existere
241 2566 354 2630 multas
369 2587 415 2634 tes
429 2568 501 2634 alias
517 2582 605 2632 ertra
626 2586 684 2630 nos
708 2564 840 2650 positas.
859 2562 986 2632 lntimo‘

10 2677 15 2680 ·
84 2671 178 2718 sensu
202 2655 380 2740 experimur
406 2656 603 2734 intervallum
629 2654 777 2740 temporis
791 2655 872 2732 iuter
894 2655 981 2722 ideas

83 2738 275 2826 disiunctas,
291 2764 354 2807 non
381 2765 469 2810 secus
485 2767 521 2809 ac
535 2741 636 2808 oculis
651 2743 809 2806 intuemur
824 2741 981 2810 interval-

82 2827 150 2896 lum
171 2827 276 2896 locale
300 2831 380 2896 inter
407 2830 478 2898 bina
504 2849 641 2898 extrema
672 2828 863 2916 hexapedae.
893 2828 980 2896 Illud

83 2919 234 3004 temporis
265 2920 460 2984 intervallum
491 2922 686 2985 aestimamus
721 2917 915 3006 potissimum
939 2939 980 2986 ex

84 3005 224 3078 idearum
246 3006 498 3079 intermediarum
522 3006 733 3078 multitudine.
746 3005 819 3078 Vbi
844 3003 980 3072 abrum-
