2298 3418
245 167 330 215 anns
352 167 408 216 tu.
433 167 590 217 zoninus.
614 165 691 214 cnr.
716 165 759 213 n.
862 165 921 226 tur

62 249 184 324 atque
205 237 319 306 verbis.
332 239 471 330 propriis
493 238 605 306 efferre
626 237 748 317 valeat,
763 235 788 300 is
804 235 925 302 vetita·

61 342 147 390 tem
169 328 371 408 facti'novit,
399 345 431 395 et
452 328 544 395 alteri
567 347 691 394 narrare
707 341 824 414 potest.
840 323 925 388 Etr-¹

64 415 163 478 dens
199 417 281 482 enim
318 433 385 497 est,
419 418 453 480 iis
489 415 635 486 omnibus
670 415 803 506 positis,
839 433 923 492 euin,

66 501 162 586 quid
182 503 304 570 factum
326 503 442 585 fuerit,
469 507 546 593 quid
567 527 630 570 non
647 503 765 570 factum
782 521 925 591 cognos-
982 519 985 527 ·

65 609 166 658 cete.
202 593 265 660 Sed
301 596 357 680 qui
391 593 497 662 verbis
534 593 669 684 propriis
701 593 811 662 efferre
826 593 924 671 valet,

63 699 164 766 quae
190 685 365 748 memoriae
392 682 488 750 infixa
514 698 609 762 sunt,
640 684 665 748 is
692 683 791 748 utitur
819 677 923 746 verbis

63 769 113 833 ad
141 791 194 836 res
214 772 298 858 ipsas
315 771 529 859 significandas
543 771 729 851 destinatis,
756 790 793 835 ac
811 770 923 855 proin-

62 856 113 922 de
139 859 178 940 ,in
201 860 313 924 animo
338 859 491 926 audientis
518 861 645 926 easdem
673 859 789 924 excitat
812 859 923 921 notio-

63 965 157 1024 ηας,
179 969 273 1036 vquat
301 949 527 1036 ipsu'ptolatis
555 948 656 1015 verbis
682 947 794 1038 iungit.
820 943 924 1033 Igitur

63 1030 159 1099 facti
187 1037 352 1102 veritatem
380 1037 423 1102 ita
455 1059 599 1104 enarrare
627 1036 730 1115 valet,
767 1051 804 1098 ut
842 1037 922 1102 alter

67 1121 258 1210 intelligat,
285 1147 348 1190 non
371 1147 459 1194 secus
483 1125 566 1191 acsi
592 1125 662 1213 ipse
686 1143 833 1214 praesens
847 1121 923 1188 fue-

70 1213 134 1275 rit.
161 1210 227 1288 Qui
246 1231 370 1292 narrat,
400 1237 481 1300 quae
499 1234 646 1304 praesens
663 1216 776 1290 novit,
805 1210 923 1278 dicitur

69 1301 180 1365 testis
207 1300 368 1369 oculatus.
400 1305 465 1384 Qui
497 1325 573 1369 veto
601 1317 723 1381 narrat,
758 1300 849 1388 quod
879 1299 921 1368 ab

72 1387 183 1455 altero
210 1390 354 1471 audivit,
380 1395 476 1458 testis
501 1396 633 1458 auritus
655 1407 798 1456 vocatur.

149 1475 254 1543 Testis
282 1482 401 1545 auritus
428 1482 559 1544 oculato
585 1481 785 1565 aequivalet,
819 1477 843 1540 si
871 1499 921 1558 ea,

74 1585 163 1652 quae
179 1566 227 1630 ab
251 1570 382 1634 oculato
405 1569 547 1646 audivit,
586 1568 760 1654 intelligat,
797 1585 923 1628 mento-¹

73 1655 123 1719 ria
149 1671 280 1737 teneat,
311 1677 342 1724 et
364 1657 466 1724 verbis
488 1658 624 1744 propriis
640 1654 759 1721 efferat.
774 1653 860 1717 Nam
877 1650 924 1714 hir

76 1742 389 1832 omnibus·positis‚
409 1747 538 1811 evidens
561 1763 629 1832 est,
653 1761 764 1809 testem
787 1740 925 1806 auritum

78 1847 111 1896 et
127 1834 293 1898 oculatum
317 1835 430 1900 eodem
453 1834 550 1899 modo
575 1831 690 1898 factum
713 1829 769 1898 sibi
790 1851 924 1918 reptare·

80 1939 229 2001 tentare,
256 1922 441 2012 nullamque
464 1923 611 2010 repetiti,
642 1923 730 2010 quod
751 1919 791 1987 ad
809 1939 924 1986 natta-

77 2010 219 2090 tionem,
250 2013 330 2076 intet
354 2027 524 2098 utrumque
548 2003 766 2076 differentiam.
782 2007 924 2072 Rarissi-

78 2117 166 2163 rnum
205 2116 309 2166 tamen
349 2117 418 2178 est,
440 2101 546 2166 ,simul
587 2095 923 2186 tepetiriotnnesillaa

78 2188 280 2254 conditiones
303 2189 490 2276 requisitas,
531 2205 567 2252 ut
589 2189 679 2252 testis
703 2187 820 2249 auritus
842 2197 924 2248 ocu·'

80 2275 148 2341 lato
163 2277 371 2360 aequivaleat.
394 2279 424 2342 Si
441 2298 519 2342 veto
535 2293 567 2342 et
589 2278 676 2340 testis
693 2272 856 2349 oculatus,
878 2287 923 2349 etl

82 2365 139 2450 qui
154 2367 291 2430 ‘oculato
315 2366 510 2452 aequivalet,
535 2363 675 2442 auritus,
707 2363 823 2449 aliquas
846 2355 922 2422 facti

82 2455 335 2521 circumstantias
362 2454 513 2520 oblivioni
543 2453 686 2528 dederit,
716 2451 747 2513 in
777 2470 816 2514 eo
846 2463 925 2512 casu

82 2539 283 2609 manifestum
309 2561 376 2621 est,
401 2560 548 2609 neutrum
574 2539 646 2605 facti
666 2540 830 2608 vetitatem
854 2559 924 2601 arn-

81 2633 163 2717 plius
190 2653 294 2698 nosse.
322 2632 426 2701 Vnde
450 2630 688 2698 inaestimanda
712 2649 778 2694 turn
803 2626 922 2692 veritati·

81 2737 240 2800 te‚·tum
277 2717 501 2809 probabilitate
537 2719 741 2794 narrationis,
779 2716 921 2782 habenda

57 2807 62 2816 ’
84 2811 411 2901 εει-ταῐίοτειηροτίς,
444 2829 482 2876 ex
498 2829 565 2894 qun
579 2809 667 2872 testis
682 2804 826 2869 oculatus
850 2804 922 2868 l'ac-

84 2914 148 2965 tum
179 2897 280 2976 vidit,
308 2898 429 2967 auritus
457 2919 536 2966 veto
560 2897 601 2964 ab
627 2896 758 2961 oculato
787 2892 922 2980 accepit.
962 2971 965 2980 ¹

151 2986 240 3058 Tom.
258 2983 287 3054 1.
638 2982 672 3064 Q
