2246 3412
147 59 215 122 240
344 117 347 125 ,
381 47 619 110 ’“11οὲπιπ.
635 47 768 110 editos.

144 134 244 199 uiliter
264 128 504 200 constituuntur
530 132 623 220 leges.
652 133 742 198 Haec
772 129 856 198 enim
883 131 998 201 omnia
1028 135 1064 204 in

145 223 294 288 universa
315 242 419 288 rerum
439 221 519 288 serie
539 219 730 308 divinaeque
748 220 982 309 providentiae
1001 247 1060 289 or-

144 309 220 376 dine
235 309 448 376 continentur.
473 310 516 373 Et
531 308 658 394 quidem
679 309 755 374 licet
777 307 998 376 determinata
1019 315 1060 382 sit

144 399 294 464 universa
308 420 412 464 rerum
436 398 552 480 series,
575 395 656 462 hanc
675 416 781 463 tamen
800 397 1055 466 determinatio·

143 507 217 570 nem
233 489 433 577 ignoramus,
448 507 581 574 eamque
595 507 669 560 cum
684 488 846 550 actionum
861 495 1046 556 nostrarum

143 579 223 642 aerie
235 578 439 642 coniunctam
453 597 537 652 esse,
546 576 776 663 cognoscimus.
789 576 907 653 Quare
921 578 1045 644 evidens

145 684 213 744 est,
228 688 287 730 uos
304 687 334 729 re
350 685 529 750 veraagere
542 664 658 730 debere
675 686 738 728 non
750 685 864 744 secus,
880 687 922 729 ac
939 667 966 730 si
977 666 1048 734 nihii

144 769 228 819 esset
243 753 495 818 determinatum.
522 749 639 840 Itaque
654 752 732 818 dom
752 755 784 818 in
804 754 904 817 sacris
924 756 1047 842 paginis

143 842 360 932 praecipitur,
374 839 579 908 abiiciendam
595 861 666 908 esse
687 862 791 906 rerum
817 845 1052 930 temporalium

142 949 272 1008 curam,
297 931 341 995 ita
356 929 593 1016 intelligendum
606 946 655 996 est
671 939 881 1018 praeceptum
896 931 985 999 iliud
993 951 1048 1012 ‚nt

143 1035 210 1084 non
224 1021 318 1084 simus
332 1017 372 1084 de
397 1017 490 1084 rebus
513 1019 598 1083 vanis
624 1037 655 1084 et
669 1017 800 1084 caducis
816 1020 977 1101 soliioiti,
998 1021 1049 1087 sed

145 1107 187 1174 de
211 1105 303 1173 rebus
321 1106 570 1193 non'perituris,
598 1107 733 1194 quaevad
749 1107 856 1172 Deum
885 1126 1051 1195 spectant,

146 1195 330 1282 animaeque
345 1195 436 1260 saluti
453 1213 598 1283 prosunt.
627 1197 711 1260 Nam
734 1195 806 1258 istas
830 1195 929 1261 nimis
956 1219 1048 1263 cora·

145 1307 180 1350 re
203 1297 267 1348 non
296 1297 488 1372 possumus:
514 1283 582 1348 ilias
612 1303 677 1350 non
706 1303 874 1369 possumus
892 1284 966 1353 fere
991 1285 1046 1351 nisi

144 1375 233 1438 nimis
247 1393 368 1439 curare.
394 1372 501 1452 Quare
527 1372 680 1460 scriptum
705 1373 776 1438 est?
800 1377 964 1461 quaerite
982 1378 1050 1462 pri-

145 1481 232 1528 mum
255 1483 388 1552 regnum
416 1461 487 1528 Dei
510 1475 543 1526 et
576 1463 740 1526 iustitiam
775 1469 865 1539 ee'us,
899 1479 939 1527 et
974 1463 1049 1529 haec

146 1555 254 1618 omnia
284 1551 485 1618 adiicientur
507 1551 609 1615 vobis.
638 1547 822 1626 Absurdum
845 1561 964 1616 autem
984 1573 1044 1617 om·
1113 1617 1114 1628 ,

147 1641 224 1706 ιιὶιιο
250 1659 298 1706 est
320 1638 440 1720 fatum
468 1637 751 1715 mahometanum,
779 1654 810 1703 et
838 1659 943 1706 nemo
975 1659 1044 1705 sana

150 1744 256 1794 mente
279 1729 441 1818 praeditus
462 1749 525 1792 non
547 1726 627 1792 ridet
653 1743 757 1792 turcas
783 1727 876 1806 illos,
903 1731 966 1814 qui
983 1731 1047 1796 ioca
1113 1725 1114 1800 ᾖ

149 1819 332 1905 contagiosa
344 1817 523 1904 despiciunt
536 1836 567 1882 et
583 1817 672 1900 quasi
688 1819 863 1893 lacessunt,
896 1820 1049 1902 persuasi,
1113 1801 1114 1892 i

150 1927 188 1974 ae
203 1907 372 1972 morituros
385 1907 418 1972 in
437 1905 511 1970 ioco
526 1903 653 1969 minime
672 1905 862 1991 contagioso
880 1951 891 1982 ,
913 1906 941 1968 si
964 1906 1048 1972 Deua

150 1995 237 2082 ipsos
261 1996 340 2058 mori
361 1994 423 2060 hoc
440 2010 584 2082 tempore
602 1993 753 2059 decrevit.
778 1992 903 2058 Eodem
923 1991 1049 2060 divinae
1113 2009 1114 2090 q

152 2082 376 2174 providentiae
389 2083 500 2150 abusu
513 2083 608 2148 stulte
620 2099 753 2170 peccant
764 2081 826 2158 iili,
839 2080 896 2166 qui
905 2080 1048 2150 referen·
1113 2119 1114 2168 7

155 2189 189 2239 te
217 2169 430 2238 Touuefortio
452 2173 482 2235 in
510 2173 625 2236 itinere
652 2168 824 2246 orientali,
856 2167 993 2236 arbores
1015 2169 1046 2234 in
1113 2173 1114 2192 ¹

154 2262 255 2328 hortis
270 2261 403 2327 incultas
415 2259 471 2325 sibi
481 2259 667 2348 permittunt
680 2273 777 2346 atque
789 2257 968 2344 negligunt.
980 2257 1045 2324 Ita-

151 2373 215 2437 que
236 2352 267 2414 in
283 2351 407 2417 divinae
420 2347 638 2438 providentiae
652 2347 763 2434 ordine
780 2347 987 2426 continetur,
1014 2365 1050 2414 ut

155 2461 224 2506 eam
236 2439 440 2524 adhibeamus
453 2437 645 2526 diligentiam
659 2479 668 2512 ‚
682 2457 776 2523 qnam
789 2433 964 2524 prudentia
975 2459 1051 2501 rec-

153 2545 250 2616 taque
268 2528 348 2593 ratio
362 2526 507 2604 dictant,
534 2541 568 2590 et
581 2523 696 2590 deinde
715 2525 745 2587 in
767 2523 970 2610 providentia
994 2525 1050 2590 di-

153 2614 226 2681 vina
239 2617 464 2704 conquiescere
476 2612 628 2680 debemus
641 2631 737 2699 atque
751 2612 855 2676 animo
872 2614 1051 2700 tranquillo

154 2700 308 2780 ferenda,
329 2704 355 2766 si
387 2725 469 2789 quae
492 2699 583 2766 nobis
608 2699 757 2767 eveniant
780 2699 871 2764 mala.
904 2699 1051 2767 Tandem

154 2791 245 2875 quod
260 2789 301 2854 ad
319 2791 458 2854 ultimam
473 2806 599 2876 spectat
613 2789 800 2856 obiectionis
816 2804 961 2875 partem,
986 2791 1051 2852 mi-

156 2877 263 2942 racula
281 2878 424 2956 scilicet,
449 2899 497 2943 res
518 2877 628 2964 paullo
652 2875 747 2942 fusius
772 2876 962 2962 explicanda
991 2891 1052 2944 est.

145 2961 363 3039 Ι,Μίιιιειιὶιιιιι
378 2965 542 3034 definitur:
564 2963 700 3056 effectu
713 2963 837 3058 aliquis
851 2966 1051 3056 singularis,
