2258 3428
230 155 315 204 rans
337 155 382 204 11.
405 135 568 208 socrati.
590 157 669 208 oar.
692 156 718 204 r.
830 159 893 233 ¹⁴5

55 248 91 292 ra
115 245 199 314 quae
227 227 269 292 rei
295 225 390 292 alicui
423 229 554 309 insunt,
579 229 787 298 attentionem
815 253 896 298 oos-

58 329 139 379 tram
160 314 288 380 seorsim
315 315 508 405 dirigamus;
533 317 564 382 io
587 317 703 384 iudicio
726 335 833 388 autem
855 341 897 388 a·

61 403 139 490 liqna
160 403 360 482 intueamur,
385 423 546 493 tamquam
569 405 600 472 in
631 405 777 474 subiecto
806 409 897 478 exis·

64 494 147 574 tentia
174 493 227 560 vel
254 514 322 560 nou
345 493 525 562 existentia.
547 491 599 560 Ex
629 494 689 562 ltac
717 513 824 564 autem
850 519 896 564 o-

67 583 253 669 perationum
292 581 391 662 serie,
427 581 606 672 colligitur,
641 583 788 652 iudicium
817 583 896 654 nibil

64 669 136 738 aliud
161 692 254 751 esse,
277 693 377 756 quam
396 689 502 736 actum
526 672 657 754 mentis,
679 695 746 762 quo
762 675 896 762 praedi-

59 761 110 824 cati
136 781 213 825 cnm
241 759 387 825 subiecto
404 760 652 826 convenientiam
668 763 719 829 vel
734 783 799 828 non
815 787 896 832 cou-

56 849 242 916 venieotiam
266 847 427 936 percipit,
454 869 491 915 ac
505 848 640 938 proinde
656 849 806 918 iudicium
822 874 895 944 per·

54 938 127 1006 tinet
161 937 205 1004 ad
228 933 438 1004 intellectum.

97 1109 424 1183 SOLVVNTVR
454 1111 851 1186 OBIECTIONES.
905 1161 908 1170 ‚

120 1290 245 1360 obsecr.
268 1291 324 1358 Ad
348 1291 543 1359 voluntatem
566 1291 705 1382 pertinet
728 1311 816 1360 actus
838 1289 893 1364 ille

57 1381 188 1462 mentis,
211 1381 265 1469 qui
291 1380 424 1448 includit
446 1403 605 1448 assensum
627 1383 678 1450 vel
702 1384 888 1450 dissensums

57 1471 139 1554 atqui
164 1488 254 1536 actus
275 1469 382 1536 iudicii
405 1469 540 1536 includit
566 1490 726 1536 assensum
750 1472 801 1538 vel
821 1471 892 1536 dis·

62 1576 203 1638 sensum
227 1581 305 1649 ergo
334 1557 484 1624 iudicium
509 1559 644 1648 pertinet
669 1557 710 1622 ad
738 1560 895 1622 volunta·

63 1659 138 1709 tem.
161 1647 257 1735 Resp.
289 1647 362 1714 dist.
392 1649 463 1712 mai.
491 1647 545 1734 qui
569 1645 705 1712 includit
732 1666 919 1730 assensum,

68 1731 122 1796 vel
149 1732 316 1802 dissensum
345 1734 429 1800 circa
455 1733 575 1801 bunum
597 1735 655 1804 ,vel
684 1734 826 1813 malum,
854 1733 899 1800 C.

73 1817 144 1881 mai.
168 1865 179 1900 ,
202 1823 279 1890 circa
310 1845 421 1890 verum
449 1825 509 1890 vel
530 1821 660 1904 falsum,
687 1823 733 1888 N.
759 1823 832 1889 mai.
863 1838 896 1892 et

73 1927 156 1974 cons.
184 1907 241 1980 Illa
270 1915 354 1980 enim
385 1915 549 2002 perceptio
577 1912 815 1980 convenientiae
845 1909 899 1978 vel

67 2017 131 2062 non
157 2001 415 2080 convenientiae,
437 2023 519 2088 quae
540 2000 646 2090 ipsum
668 2001 770 2066 iudicii
790 2017 898 2067 actutu

65 2089 243 2168 constituit,
274 2091 397 2170 nollunt
432 2089 594 2157 includere
623 2088 747 2154 videtur
788 2108 900 2154 assen-

69 2196 137 2238 sum
156 2179 203 2244 vel
225 2175 424 2257 dissensum,
445 2181 498 2267 qui
518 2177 559 2244 nd
582 2179 777 2242 voluntatem
797 2179 899 2264 ipsam

63 2264 215 2351 pertinere
231 2267 347 2354 possit.
363 2265 400 2332 In
426 2267 544 2334 iudicio
565 2264 755 2354 percipimus
771 2266 901 2350 quidem

61 2353 282 2440 praedicatum
299 2373 331 2422 et
348 2356 523 2422 subiectum
538 2373 700 2443 tamquam
716 2354 803 2422 simul
817 2353 900 2419 exis·

61 2442 183 2524 tentia,
208 2447 328 2510 conscii
354 2444 443 2510 nobis
472 2465 602 2522 sumus,
626 2458 681 2509 aut
707 2461 773 2508 esse
803 2439 900 2507 vide·

61 2551 156 2610 mur,
179 2534 419 2601 convenientiae
446 2532 618 2620 praedicati
645 2551 718 2596 cum
741 2528 897 2598 subiecto.

62 2615 126 2682 Illa
148 2639 251 2689 autem
267 2625 429 2710 perceptio
446 2621 567 2688 nullum
582 2619 732 2708 supponit
745 2621 901 2686 volunta·

63 2708 106 2772 tis
124 2729 250 2790 actum3
270 2713 366 2776 immo
382 2711 550 2798 improprie
572 2709 739 2776 dumtaxat
757 2727 901 2774 assensus

61 2817 216 2880 vocatur,
230 2824 329 2888 quum
347 2799 421 2864 nihil
437 2799 522 2868 aliud
540 2797 597 2878 sit,
612 2797 667 2862 nisi
686 2817 759 2860 veta
774 2813 829 2884 aut
845 2793 899 2860 fat·

66 2909 102 2955 sa
113 2893 297 3044 persuapim
320 2910 401 2978 quae
424 2911 462 2957 ex
482 2892 550 2982 ipsa
570 2886 775 3042 peppeptioue
788 2885 902 2954 orirer.

19 3034 23 3040 ,
147 2997 203 3041 om.
248 3024 256 3043 .
804 2997 807 3002 ·
