2258 3428
186 207 188 210 -
225 159 288 242 148
459 177 658 226 susnssvn.
682 179 840 227 snt-son

229 269 297 315 tum
325 261 372 316 est
400 251 570 328 sermione,
604 269 670 336 quo
708 249 868 338 indigetur
901 268 977 326 res,
1019 246 1062 316 de
1121 293 1122 338 3

223 361 288 428 qua
313 337 462 404 iudicium
485 335 595 404 festus.
619 336 784 404 Terminus
813 358 889 405 vero
915 335 968 403 vel
996 337 1065 402 sin*

221 428 336 520 guiaris
363 445 433 502 est,
460 447 558 510 quum
586 449 699 513 nempe
729 425 894 493 notionem
918 425 1060 514 singula·
1121 427 1122 512 ᾗ

222 537 309 592 sem,
335 536 390 578 seu
411 513 540 580 alicuius
564 515 716 582 individui
737 516 915 604 significat,
936 513 987 580 vei
1011 531 1064 580 est
1121 513 1122 596 i

223 602 422 680 communis,
448 607 546 690 quum
573 605 721 668 nimirum'
739 607 901 670 notionem
928 602 1064 670 denotat
1121 603 1122 692 i

223 689 369 780 pluribus
396 711 608 756 communem.
634 691 721 782 Ergo
747 692 926 758 subiectum
944 711 1063 778 propo·
1121 705 1122 718 ¹

224 781 346 850 sitionis
374 780 425 844 vel
451 796 497 844 est
519 780 667 847 terminus
691 779 871 867 singularis,
893 797 926 846 et
949 779 1065 845 inditi·
1121 809 1122 826 ι

225 869 324 934 duum
353 868 524 958 significan
552 869 602 934 vel
627 888 675 936 est
700 869 848 935 terminus
875 869 1062 948 communis,

225 973 360 1045 tumque
387 957 438 1022 vel
467 957 618 1048 significat
643 957 694 1036 id,
720 957 810 1046 quod
833 956 977 1046 pluribus
999 973 1081 1022 tou·¹

226 1062 296 1110 tum
319 1046 484 1110 individuis
507 1067 674 1112 commune
689 1063 753 1126 est,
769 1067 823 1112 seu
839 1044 997 1134 speciem,
1013 1045 1060 1111 vel
1121 1101 1122 1126 p

208 1133 261 1222 ,id
287 1133 440 1214 denotat,
467 1133 555 1218 quod
582 1124 726 1223 pluribus
756 1133 816 1200 iam
843 1131 1063 1200 communibus
1121 1135 1122 1196 i

190 1224 401 1310 '’convenim
429 1243 483 1289 sen
509 1241 606 1311 genus
627 1224 770 1310 superius
792 1237 849 1287 aut
869 1221 996 1290 inferius
1017 1222 1066 1288 in·

226 1310 326 1376 dicat.
356 1310 539 1376 Subiectum
562 1311 657 1399 igitur
682 1311 905 1400 propositionis
935 1311 987 1376 vel
1016 1327 1066 1378 est

226 1399 446 1478 individuum,
473 1400 522 1464 vel
545 1402 688 1486 species,
706 1403 758 1466 vel
773 1421 870 1488 genus
886 1397 1065 1487 quoddam.

172 1532 173 1538 κ
225 1475 267 1554 Ei
282 1511 313 1578 g.
329 1491 359 1554 in
375 1489 613 1578 propositiones
629 1486 753 1554 Petrus
769 1503 818 1554 est
833 1487 948 1554 doctus
958 1509 975 1564 ,·
991 1487 1066 1554 sub-

226 1577 344 1652 iectum
364 1596 413 1645 est
432 1576 643 1644 individuum.
665 1575 704 1642 In
727 1575 803 1642 hac:
820 1576 907 1642 homo
921 1591 972 1643 ειι
987 1598 1068 1642 mor·

226 1665 335 1745 talis5
367 1666 544 1732 subiectum
571 1681 617 1732 est
643 1665 773 1754 species.
799 1661 839 1728 In
865 1666 946 1730 istst
976 1661 1068 1752 lapis

227 1770 278 1830 est
296 1759 415 1842 gravis
422 1777 437 1831 ;
459 1753 637 1820 subiectum
662 1775 759 1843 genus
783 1769 848 1834 est,
868 1772 970 1842 quum
989 1753 1066 1844 plu·

227 1864 279 1910 ses
302 1843 419 1909 dentur
447 1841 588 1930 lapidum
614 1843 744 1930 species.

273 1927 321 1996 11.
366 1926 524 1995 Iudicium
540 1928 731 2019 singulares
748 1943 813 1998 est:
831 1932 922 1998 cuius
936 1932 1070 2000 subiec-

228 2033 298 2088 tum
321 2033 371 2084 est
400 2017 617 2086 indiuiduam.
643 2020 749 2090 Vnde
777 2021 954 2108 propositio
993 2025 1072 2086 sin-

223 2105 360 2198 gularis
384 2125 431 2174 est
446 2111 564 2177 t'cuius
579 2109 757 2174 subiectum
769 2123 819 2174 est
831 2113 988 2176 terminus
1001 2113 1073 2176 sist-

135 2265 136 2268 ,
222 2194 360 2286 gularis
382 2220 439 2262 seu
466 2194 681 2268 individuum.
696 2197 863 2264 Terminus
878 2214 984 2265 autem
999 2198 1073 2264 sin·

229 2285 346 2372 gularis
362 2287 413 2352 vei
428 2285 586 2356 'indicatus
603 2285 729 2352 nomine
746 2285 877 2374 proprio
885 2333 896 2365 ,
910 2305 946 2352 ut
959 2289 1074 2374 'quum

176 2434 180 2446 ,
230 2372 368 2440 dicitutt
395 2372 526 2462 Moyses
549 2388 600 2439 est
624 2391 737 2442 auctor
758 2373 971 2463 pentateuchi
978 2396 994 2452 ,·
1020 2377 1075 2442 vei

229 2462 386 2555 particula
411 2459 678 2552 demonstiativs:
706 2464 754 2528 uti
777 2463 829 2528 hic
852 2459 936 2530 libes
968 2463 1075 2530 utilia

231 2553 372 2616 continet
382 2571 396 2624 ;
421 2548 472 2614 vel
497 2551 728 2617 circumstantia
750 2550 886 2636 quadam
905 2549 1072 2640 singulari:

231 2654 269 2702 ut
294 2636 402 2726 lapis,
429 2640 487 2726 qui
511 2637 603 2704 modo
626 2638 771 2719 decidit,
796 2643 963 2728 percussit
989 2642 1076 2706 bra·

230 2725 337 2793 chium
363 2723 497 2792 hominis
520 2730 777 2812 praetereuntis.
805 2725 963 2793 Iudicium
990 2731 1076 2794 uni-

152 2889 154 2894 ,
231 2811 360 2880 vestale
387 2833 454 2880 est.-
476 2817 569 2880 caius
592 2816 771 2881 subiectum
794 2831 854 2884 est»
872 2819 958 2882 notio
984 2837 1077 2882 com·

195 2984 198 3000 ¹
218 2907 357 2986 munis,
371 2905 490 2994 species
505 2923 618 2993 nempe
633 2903 685 2972 vel
699 2925 795 2996 genus
804 2925 821 2987 ,·
830 2903 1078 3000 praedicatum
