2298 3418
210 155 253 222 33
408 195 413 206 .
451 162 637 222 russin-vr.
663 159 803 208 antuus.
874 215 881 221 ,Ἴ

208 225 290 290 eninr
311 240 422 310 toturn,
445 232 633 320 quoddam,
653 233 781 322 ipsique
802 225 868 294 »soli
890 223 1057 294 tribuun·.

211 330 264 393 tur
292 335 402 401 ornnes
431 321 587 400 effectus,
619 322 675 409 qui
709 321 749 386 ab
776 341 813 384 ea
844 315 988 402 pendent
1019 330 1050 381 et

211 421 322 497 omnes
349 407 535 492 passiones,
567 411 683 497 quibus
709 405 862 476 afficitur.
884 402 914 468 Si
942 421 1059 468 autent.
1133 405 1134 454 ἶ

212 490 323 573 eadent
350 513 440 582 gutta
474 497 516 566 ad
544 499 638 566 allant
660 497 818 576 accedat,
849 514 888 558 ex
914 507 1055 581 utraque
1133 561 1134 564 ,

213 583 452 672 gutta'exurgit
476 609 596 654 novum
620 583 835 675 suppositum·
1133 591 1134 600 ’

222 672 227 682 ’
257 666 326 736 lV.
373 672 578 742 Subsistentla
601 698 665 742 non
689 674 812 742 tollitur
839 667 983 757 qualibet
1009 689 1055 735 u·

213 757 307 822 sione
330 758 386 832 sed
409 784 445 827 ea
466 766 592 846 solnm,
612 785 695 851 quae
718 756 868 848 impedit,
892 780 931 824 ne
957 755 1053 823 subs-

215 847 314 910 tantia
335 846 499 938 singularis
524 855 564 918 sit
588 853 779 939 principium
808 848 909 914 totale
939 865 971 912 et
998 847 1053 910 itt·

215 946 340 1020 tegrum
361 955 488 1005 suarum
510 943 670 1008 actionum
691 941 742 1009 vel
762 938 954 1026 passionum.
972 932 1050 998 Tri-

218 1024 389 1122 plexjunlo
411 1050 478 1096 esse
500 1029 773 1117 potest,‚scilicet
796 1027 846 1092 vel
866 1045 939 1090 cum
962 1021 1058 1095 snbs-

220 1109 320 1198 tant'ia
341 1113 350 1174 i
374 1115 541 1197 nobiliori,
570 1119 620 1186 uel
634 1141 716 1199 ,cunt
739 1113 914 1182 substantia
934 1111 1060 1200 aequa·

219 1196 257 1263 lis
282 1135 483 1286 pellianus
494 1254 506 1285 ,
528 1207 578 1274 vel
602 1228 676 1274 curn
696 1203 871 1272 substantia
895 1199 1059 1266 nobiliori.

221 1305 252 1352 1.
265 1289 295 1354 Si
309 1295 511 1379 suppositum
526 1297 737 1384 coniungatur
750 1315 823 1360 eum
838 1289 1059 1368 nobilioritta,

211 1381 256 1440 'ut
282 1377 314 1446 in
342 1382 405 1446 suis
430 1383 671 1470 operationibus
694 1405 713 1449 a
736 1379 883 1448 nobiliori
908 1378 1061 1466 pendeat,
1133 1395 1134 1472 ἐ

221 1467 423 1554 suppositum
439 1471 607 1562 ignobilius
626 1471 740 1540 desinit
754 1491 823 1538 esse
842 1470 1063 1557 suppositum,

223 1557 388 1646 quianon
414 1563 598 1630 terminatur
622 1584 641 1628 a
664 1582 698 1629 se
723 1577 756 1626 et
780 1559 812 1625 in
836 1579 890 1625 ser
917 1555 1064 1622 subiacet
1133 1575 1134 1634 ζ

223 1659 342 1732 ”impe
359 1649 471 1728 alteri,
496 1669 528 1716 et
551 1669 684 1716 nonest
709 1647 844 1732 amplius
867 1643 1063 1734 principium
1133 1649 1134 1660 ’

223 1737 321 1811 totale
343 1752 373 1800 et
394 1737 551 1825 integrum
572 1761 698 1806 suarum
723 1735 961 1824 operationum.
978 1734 1062 1803 Vn-

223 1816 266 1888 de
293 1840 405 1888 natura
433 1823 570 1907 bumana
599 1827 631 1892 in
660 1825 959 1892 Christononest
988 1843 1065 1908 sup·

194 1969 196 1975 .
223 1907 368 1996 positum
391 1933 450 1978 nec
473 1936 634 2001 persona3
659 1916 733 2004 quia
757 1913 789 1978 in
814 1911 875 1977 suis
899 1912 1065 1998 operatio·

224 1995 315 2080 nibus
337 2001 458 2088 pendet
480 2026 498 2070 a
517 2003 690 2072 Divinitate
716 2019 876 2089 tamquam
898 2021 916 2064 a
942 1999 1067 2085 princi·

226 2087 281 2238 pio
304 2083 431 2154 suarum
453 2088 874 2176 operationum..Quidquid
894 2089 978 2154 enim
1000 2089 1065 2176 agit

252 2177 404 2244 umanitas
420 2180 451 2244 in
459 2181 607 2260 Christo,
629 2181 663 2246 id
680 2181 743 2267 agit
758 2199 790 2246 et
805 2178 970 2242 Divinitas.
984 2179 1070 2245 Vn·

226 2261 267 2330 de
288 2264 407 2333 Christi
433 2271 633 2355 operationes
659 2269 812 2346 diduntur
837 2265 1066 2344 theandricae,
1133 2295 1134 2298 ¹

218 2350 291 2417 'hoc
311 2373 381 2437 est,
402 2354 706 2425 divino-humanae.
724 2376 767 2421 ιι.
784 2357 814 2420 Si
829 2356 859 2418 in
878 2354 931 2418 illa
945 2353 1068 2420 unione
1133 2399 1134 2428 .

227 2439 372 2514 nobiliori
402 2443 593 2512 substantiae
618 2469 690 2513 curn
721 2442 899 2533 ignobiliori
925 2442 1067 2508 nobilior
1133 2441 1134 2524 ξ

228 2531 420 2618 pendeatin
443 2535 504 2599 suis
528 2534 769 2622 operationibus
786 2532 826 2598 ab
849 2529 1073 2617 imperfectio·¹
1133 2591 1134 2596 ,

230 2618 274 2694 ii,
307 2639 342 2684 ut
370 2623 471 2686 anima
500 2623 630 2688 hominis
658 2645 678 2695 a
702 2643 866 2706 corpore,
893 2619 1073 2686 substantia

229 2701 402 2792 perfectior
430 2731 495 2775 non
524 2728 570 2776 est
598 2712 824 2798 suppositum
854 2707 909 2775 sed
940 2728 1074 2796 suppo·

230 2793 323 2860 situm
348 2800 696 2886 estflcornposituntex
721 2792 843 2864 duabus
869 2795 1073 2874 substantiis,

228 2902 362 2974 quarum
376 2900 513 2984 utraque
533 2884 575 2952 ab
590 2881 856 2974 alterapendet,
879 2899 917 2952 ut
941 2884 1070 2959 Petrus.
