2298 3418
225 139 904 220 m„1mmmm.

263 220 307 286 X.
352 221 583 311 syllogismus,
604 225 659 308 qui
680 245 721 289 ex
745 223 832 288 meris
853 216 1077 308 propositio*

219 307 310 376 nlbus
335 311 517 399 categoricis
544 331 669 376 constat
694 313 897 400 categoricus
925 308 1072 373 dicitur.
1129 343 1136 387 t

217 399 304 464 Solet
323 421 455 486 quoque
478 400 537 464 dici
564 400 764 488 syllogismus
790 396 952 488 simplex,
971 415 1010 462 et
1029 397 1073 465 de
1133 446 1137 457 .

219 486 281 552 hoc
298 489 496 575 potissimum
509 490 709 580 intelligenda
725 507 818 568 sunt,
833 511 915 574 quae
927 488 968 550 de
984 486 1074 574 syl-

219 574 352 664 logismo
373 577 403 640 in
426 599 539 665 genere
563 582 827 646 demonstrantur.
848 577 973 643 Patebit
1004 595 1073 638 au·

220 681 283 730 tem
298 688 354 729 suo
367 665 457 742 loco,
471 669 674 756 syllogismus
688 687 809 734 ceteros
820 712 830 746 ‚
843 687 874 734 et
886 687 983 732 omne
994 681 1072 728 tan·

219 753 291 818 dem
306 755 501 820 ratiocinium
518 757 558 821 ad
574 759 768 846 categoricos
783 756 990 846 syllogismos
1007 775 1069 818 re·
1143 797 1144 836 3

159 841 161 848 ’
218 841 293 908 duci
322 864 551 930 posse,·atque
568 847 608 912 ab
623 847 657 910 iis
672 845 861 912 evidentiam
875 866 963 910 suam
981 865 1068 908 mu·
1140 866 1144 894 ι

219 933 311 996 tuati.
337 933 523 999 Notandum
550 931 642 1002 eiiam
667 954 736 1016 est,
751 935 964 1021 categoricum
988 949 1067 996 esse
1143 975 1144 1012 3

219 1017 454 1108 syllogismum,
468 1025 492 1086 si
506 1025 684 1111 propositio
698 1023 905 1113 hypothetica
916 1019 975 1087 sub
993 1017 1066 1084 fot·
1143 1077 1144 1103 ζ

219 1107 1064 1198 macategoricaineodemconrineatur3utomnisla·
1143 1185 1144 1194 ἵ

213 1204 270 1287 pis
283 1195 414 1264 calidus
425 1197 601 1280 calefactu
614 1200 734 1266 sedhic
744 1200 833 1288 lapis
845 1215 895 1265 ert
907 1198 1063 1268 calidusa
1143 1244 1144 1250 κ

218 1307 294 1392 ergo
316 1286 366 1352 lic
385 1285 473 1374 lapis
493 1285 672 1369 calefacit,
696 1288 748 1354 ubi
765 1291 864 1354 maior
877 1287 1064 1374 aequivalet

215 1373 1062 1464 huichypotheticaersilapitcalidurest,calefacit-

220 1515 226 1524 .
286 1463 495 1554 syllogismus
519 1471 682 1556 crypticur
708 1484 781 1543 est,
806 1467 895 1532 cuius
922 1469 1064 1554 genuina

217 1549 321 1618 forma
345 1575 409 1621 nou
430 1572 575 1642 apparet.
598 1556 637 1619 E.
652 1578 683 1644 g.
700 1553 807 1645 aliqui
818 1555 957 1620 homiues
981 1567 1064 1621 sunt

118 1678 120 1690 =
219 1665 325 1710 ornnes
349 1641 490 1720 mediri;
511 1642 574 1708 sed
591 1643 701 1733 aliqui
715 1644 834 1709 medici
856 1647 980 1708 morbos
994 1643 1063 1708 dea
1142 1663 1144 1702 :³

215 1729 370 1818 pellant:
399 1752 474 1819 ergo
499 1730 606 1822 aliqui
631 1725 770 1800 homiues
792 1733 913 1797 morbos
936 1730 1059 1820 depel-

219 1817 304 1884 lunt.
332 1818 635 1906 Videturnpeccate
657 1820 709 1884 hic
734 1819 940 1910 syllogismus
966 1819 1060 1908 quod

221 1923 356 1990 utraque
387 1909 558 1994 praemissa
589 1909 787 1996 particularis
817 1924 993 1995 appareat,
1027 1925 1063 1975 at

221 1994 322 2080 prima
344 1995 526 2082 propositio
550 1995 624 2061 huic
646 1997 848 2082 aequivalere
871 2018 977 2064 omues
997 2019 1065 2062 me-

220 2081 294 2150 dici
318 2099 395 2149 sunt
423 2082 583 2164 homines,
615 2087 700 2152 unde
729 2087 772 2149 sic
805 2084 912 2150 reduci
940 2101 1065 2172 potesta

219 2169 333 2261 aliqui
356 2172 476 2240 medici
500 2178 625 2239 morbos
649 2171 818 2263 depellunt
828 2196 844 2251 ,·
873 2172 935 2240 sed
959 2195 1067 2242 orum

222 2259 343 2328 medici
377 2278 453 2328 suut
487 2260 651 2328 homines:
687 2283 763 2351 ergo
791 2260 902 2350 aliqui
925 2262 1067 2328 homines

220 2349 355 2416 morbus'
375 2346 560 2438 depellunt.
585 2350 663 2416 haec
684 2351 811 2438 quidem
832 2351 919 2416 dicta
939 2367 1013 2416 sunt
1028 2351 1067 2417 de

224 2437 425 2528 generalibus
452 2438 711 2526 syllogismorum
738 2439 862 2526 regulis.
882 2439 967 2518 Quia
992 2461 1067 2506 veto

220 2528 265 2592 de
292 2528 426 2614 genuina
450 2528 627 2616 syllogismi
653 2525 754 2592 forma
775 2531 847 2594 satis
868 2546 1015 2594 accurate
1036 2543 1067 2594 et

222 2611 394 2680 commode
422 2613 553 2680 iudicati
577 2617 707 2700 nequir,
729 2617 785 2680 nisi
811 2617 971 2704 explorati
995 2616 1066 2683 fue„

224 2704 287 2768 rint
315 2703 575 2791 syllogismorum
602 2703 687 2766 modi
713 2721 744 2770 et
768 2705 910 2792 figurae,
931 2706 1066 2774 brevitet
1140 2757 1142 2782 r

222 2809 254 2866 et
284 2811 436 2876 quantum
462 2795 535 2856 satis
564 2791 745 2870 uidebitur,
772 2793 924 2878 speciales
959 2795 1063 2883 syllo-

223 2879 395 2971 gismorum
422 2883 545 2970 tegulas
574 2881 815 2971 explicavimus.
