2298 3418
2 245 3 248 ,
260 195 347 245 ease
368 195 427 246 ιιι.
450 196 607 247 eootons.
631 197 710 248 est.
742 197 787 248 ιι.
882 199 948 272 ²¹⁹
994 259 999 271 ¹

90 266 290 358 Eitplicatas
302 269 559 358 syllogismorum
576 271 697 360 regulas
713 281 861 336 accurate
876 290 948 338 om·

95 359 181 424 trino
221 356 395 425 observant
428 377 628 448 geometrae,
659 375 697 424 ut
727 355 818 424 facile
847 358 948 424 intel·

95 445 206 536 liget,
236 447 291 534 qui
317 447 626 515 demonstrationum
654 446 949 515 mathematicatum

97 535 259 626 analysim
283 555 404 604 attente
423 537 579 604 instituet.
594 536 749 618 Quamvis
764 537 846 604 enim
862 549 948 600 cona

95 643 194 692 sueta
223 625 398 712 logicorum
423 625 581 692 vocabula
619 629 738 718 atqui,
773 645 850 714 ergo
881 643 948 690 non

14 727 15 732 ’
95 733 227 798 semper
241 713 434 797 adhibeant,
449 715 481 782 io
497 713 821 782 demonstrationibus
841 731 947 781 tamen

96 801 332 870 mathematicis
357 825 500 873 severam
526 804 785 896 syllogismorum
813 801 949 869 sormam

97 890 225 970 latete,
253 894 372 986 logicae
395 893 503 982 peritis
523 893 653 960 evidens
675 910 734 959 est.
750 891 799 956 Ex
815 892 948 980 neglec-

2 1035 3 1042 ,
98 979 144 1044 tis
162 979 421 1072 syllogismorum
445 981 559 1089 tegulis
582 1003 675 1070 saepe
700 979 765 1048 fieri
778 1027 790 1059 ,
815 978 948 1048 allirmat

2 1079 3 1126 ἐ
96 1063 309 1150 ·I.eibnitius,
331 1087 365 1136 ut
387 1073 419 1137 in
442 1093 505 1137 suls
526 1067 850 1146 demonstrationibus
896 1093 949 1138 ec-

105 1173 184 1222 ceut
210 1158 327 1226 incauti
348 1179 537 1250 geometrae.
563 1161 683 1250 Neque
706 1179 753 1228 est
764 1208 776 1240 ,
791 1092 949 1246 quotidi-

101 1261 184 1310 cant
197 1246 312 1338 aliqui,
330 1247 453 1338 regulas
471 1251 571 1316 illasa
597 1267 757 1340 geometra
773 1250 866 1316 etiam
882 1269 948 1318 non
975 1259 979 1268 '

100 1335 266 1422 cogitante
289 1339 415 1405 servati.
443 1337 488 1404 Et
502 1338 654 1429 quidem,
681 1339 736 1426 qui
757 1337 868 1405 habitu
891 1340 948 1407 de-

101 1425 302 1492 monstrandi
325 1426 484 1514 praeditus
505 1446 571 1507 est,
592 1448 656 1493 non
677 1429 840 1504 omnium,
862 1446 947 1513 quos

99 1511 194 1592 edit,
216 1533 345 1581 actuum
368 1513 427 1581 sibi
448 1516 595 1581 conscius
618 1529 683 1594 est,
706 1514 803 1600 idque
824 1515 855 1578 in
881 1538 948 1582 om·

103 1599 137 1666 ni
175 1599 286 1670 habitu
306 1608 308 1612 '
325 1604 422 1692 ipsius
459 1625 590 1694 quoque
632 1605 774 1709 corporis
818 1602 947 1670 accidit.

99 1683 202 1758 Haec
235 1713 340 1760 antem
379 1689 587 1761 conferantur
617 1714 691 1770 cum
716 1713 776 1772 us,
806 1711 887 1776 quae
915 1693 949 1760 in

100 1778 178 1866 ipso
202 1781 319 1869 logices
340 1780 429 1848 initio
454 1780 684 1870 explicavimus
706 1783 747 1848 de
768 1781 868 1872 logica
894 1781 951 1846 do·

99 1886 198 1934 cente
214 1888 247 1937 et
264 1888 385 1938 utente.
398 1869 439 1935 ld
462 1893 538 1936 vero
561 1871 766 1937 certissimum
792 1885 837 1938 est
859 1893 947 1952 eum,
1028 1885 1031 1892 ‘

105 1958 163 2045 qui
196 1957 228 2022 lo
253 1961 329 2024 icam
370 1958 535 2028 addiscere
569 1981 633 2026 non
669 1961 883 2050 dedignatus,
915 1961 948 2029 in

100 1981 261 2122 'mercidis
274 2048 382 2138 logicis
395 2045 543 2138 frequens
558 2049 670 2129 fuerit,
684 2052 785 2115 multo
796 2050 950 2114 illustrio-

104 2154 173 2202 rem
206 2134 442 2204 demonstrandi
476 2137 617 2205 habiturn
656 2139 712 2202 sibi
749 2157 948 2224 comparare,

104 2233 205 2312 ”quam
236 2223 276 2289 ab
304 2228 370 2292 aliis
398 2227 462 2293 fieti
488 2229 596 2306 solet,
626 2227 679 2310 qui
716 2224 848 2290 formam
887 2227 948 2294 de-

106 2314 372 2381 monstrationum
400 2337 466 2380 uon
491 2315 545 2380 nisi
569 2312 701 2382 confuse
726 2314 901 2380 intuentur.

127 2441 129 2448 ·
173 2400 275 2482 Quod
298 2421 406 2470 autem
433 2425 480 2471 res
505 2404 677 2494 aliquando
707 2404 797 2470 aliter
825 2411 858 2471 se
885 2402 948 2471 ha-

104 2487 207 2569 beat,
232 2509 264 2558 et
284 2488 391 2572 infelix
413 2493 541 2558 omnino
561 2495 602 2558 sit
625 2493 744 2584 logicae.
767 2513 949 2574 successus,

107 2578 142 2646 id
175 2578 379 2646 tribuendum
412 2599 462 2648 est
491 2581 621 2670 logico,
646 2585 700 2670 qui
735 2583 950 2652 cavillationes

106 2687 181 2732 eum
206 2667 445 2736 demonstrandi
470 2669 588 2759 legibus
614 2668 800 2751 confundit,
822 2691 853 2738 et
877 2690 949 2760 per-

107 2777 202 2823 verso
229 2776 288 2823 usu
318 2759 416 2845 ipsam
443 2759 577 2850 logicam
606 2761 782 2825 naturalem
809 2781 950 2827 sensum-

105 2867 171 2933 que
201 2863 398 2912 communem
441 2846 630 2934 corrumpit.-
669 2849 785 2932 Neque
818 2851 947 2916 tandem

113 2951 177 3017 est,
201 2935 290 3022 quod
316 2935 489 3021 obiiciant,
512 2935 708 3028 superfluum
730 2955 802 3002 esse
817 2955 873 3002 tot
897 2959 947 3003 re·
