<?xml version="1.0" encoding="UTF-8"?>
<!DOCTYPE html PUBLIC "-//W3C//DTD XHTML 1.0 Transitional//EN"
    "http://www.w3.org/TR/xhtml1/DTD/xhtml1-transitional.dtd">
<html xmlns="http://www.w3.org/1999/xhtml" xml:lang="en" lang="en">
 <head>
  <title>
</title>
<meta http-equiv="Content-Type" content="text/html;charset=utf-8" />
  <meta name='ocr-system' content='tesseract 3.04.00' />
  <meta name='ocr-capabilities' content='ocr_page ocr_carea ocr_par ocr_line ocrx_word'/>
</head>
<body>
  <div class='ocr_page' id='page_1' title='image "./institutionesph00jacqgoog_0334.png"; bbox 0 0 2326 3438; ppageno 0'>
   <div class='ocr_carea' id='block_1_1' title="bbox 75 208 926 730">
    <p class='ocr_par' dir='ltr' id='par_1_1' title="bbox 75 208 926 730">
     <span class='ocr_line' id='line_1_1' title="bbox 218 208 922 285; baseline -0.003 -20"><span class='ocrx_word' id='word_1_1' title='bbox 218 256 221 265; x_wconf 83' lang='lat'><em>.</em></span> <span class='ocrx_word' id='word_1_2' title='bbox 264 208 354 284; x_wconf 70' lang='lat' dir='ltr'>rsus</span> <span class='ocrx_word' id='word_1_3' title='bbox 373 209 401 261; x_wconf 86' lang='lat' dir='ltr'>r.</span> <span class='ocrx_word' id='word_1_4' title='bbox 426 213 682 265; x_wconf 67' lang='lat' dir='ltr'>usserman.</span> <span class='ocrx_word' id='word_1_5' title='bbox 709 217 738 264; x_wconf 88' lang='lat' dir='ltr'>t.</span> <span class='ocrx_word' id='word_1_6' title='bbox 873 230 877 240; x_wconf 65' lang='lat'><strong><em>¹</em></strong></span> <span class='ocrx_word' id='word_1_7' title='bbox 899 212 922 285; x_wconf 83' lang='lat'>9</span> 
     </span>
     <span class='ocr_line' id='line_1_2' title="bbox 75 283 924 374; baseline -0.002 -20"><span class='ocrx_word' id='word_1_8' title='bbox 75 283 164 365; x_wconf 77' lang='lat' dir='ltr'>eii,</span> <span class='ocrx_word' id='word_1_9' title='bbox 187 285 237 351; x_wconf 79' lang='lat' dir='ltr'>&#39;est</span> <span class='ocrx_word' id='word_1_10' title='bbox 260 286 438 374; x_wconf 83' lang='lat' dir='ltr'>propositio</span> <span class='ocrx_word' id='word_1_11' title='bbox 458 285 613 374; x_wconf 76' lang='lat' dir='ltr'>simplex,</span> <span class='ocrx_word' id='word_1_12' title='bbox 639 287 725 352; x_wconf 88' lang='lat' dir='ltr'>istud</span> <span class='ocrx_word' id='word_1_13' title='bbox 750 307 845 352; x_wconf 83' lang='lat' dir='ltr'>rerot</span> <span class='ocrx_word' id='word_1_14' title='bbox 865 289 924 352; x_wconf 78' lang='lat' dir='ltr'>iret·¹</span> 
     </span>
     <span class='ocr_line' id='line_1_3' title="bbox 75 371 920 464; baseline -0.001 -24"><span class='ocrx_word' id='word_1_15' title='bbox 75 371 341 464; x_wconf 65' lang='lat' dir='ltr'>possibilem,</span> <span class='ocrx_word' id='word_1_16' title='bbox 365 375 451 441; x_wconf 84' lang='lat' dir='ltr'>idem</span> <span class='ocrx_word' id='word_1_17' title='bbox 480 375 578 441; x_wconf 87' lang='lat' dir='ltr'>simul</span> <span class='ocrx_word' id='word_1_18' title='bbox 598 399 666 441; x_wconf 85' lang='lat' dir='ltr'>esre</span> <span class='ocrx_word' id='word_1_19' title='bbox 695 390 727 442; x_wconf 86' lang='lat' dir='ltr'>et</span> <span class='ocrx_word' id='word_1_20' title='bbox 754 397 814 440; x_wconf 85' lang='lat' dir='ltr'>reon</span> <span class='ocrx_word' id='word_1_21' title='bbox 837 397 920 456; x_wconf 87' lang='lat' dir='ltr'>erse,</span> 
     </span>
     <span class='ocr_line' id='line_1_4' title="bbox 80 463 920 553; baseline -0.001 -24"><span class='ocrx_word' id='word_1_22' title='bbox 80 481 130 529; x_wconf 82' lang='lat' dir='ltr'>est</span> <span class='ocrx_word' id='word_1_23' title='bbox 148 465 331 552; x_wconf 89' lang='lat' dir='ltr'>propositio</span> <span class='ocrx_word' id='word_1_24' title='bbox 345 467 544 551; x_wconf 66' lang='lat' dir='ltr'>compositae</span> <span class='ocrx_word' id='word_1_25' title='bbox 570 463 625 530; x_wconf 87' lang='lat' dir='ltr'>sed</span> <span class='ocrx_word' id='word_1_26' title='bbox 646 464 825 553; x_wconf 72' lang='lat' dir='ltr'>propositio</span> <span class='ocrx_word' id='word_1_27' title='bbox 841 463 920 528; x_wconf 86' lang='lat' dir='ltr'>sint·</span> 
     </span>
     <span class='ocr_line' id='line_1_5' title="bbox 81 552 926 642; baseline -0.001 -24"><span class='ocrx_word' id='word_1_28' title='bbox 81 552 162 640; x_wconf 79' lang='lat' dir='ltr'>pler</span> <span class='ocrx_word' id='word_1_29' title='bbox 185 555 274 640; x_wconf 88' lang='lat' dir='ltr'>prior</span> <span class='ocrx_word' id='word_1_30' title='bbox 300 569 350 618; x_wconf 85' lang='lat' dir='ltr'>est</span> <span class='ocrx_word' id='word_1_31' title='bbox 376 553 592 641; x_wconf 79' lang='lat' dir='ltr'>propositione</span> <span class='ocrx_word' id='word_1_32' title='bbox 617 555 815 638; x_wconf 77' lang='lat' dir='ltr'>compositae</span> <span class='ocrx_word' id='word_1_33' title='bbox 842 564 926 642; x_wconf 78' lang='lat' dir='ltr'>ergo</span> 
     </span>
     <span class='ocr_line' id='line_1_6' title="bbox 82 637 918 730; baseline 0 -26"><span class='ocrx_word' id='word_1_34' title='bbox 82 640 246 706; x_wconf 79' lang='lat' dir='ltr'>certitudo</span> <span class='ocrx_word' id='word_1_35' title='bbox 263 641 356 706; x_wconf 86' lang='lat' dir='ltr'>huius</span> <span class='ocrx_word' id='word_1_36' title='bbox 373 642 555 708; x_wconf 78' lang='lat' dir='ltr'>axiomatisr</span> <span class='ocrx_word' id='word_1_37' title='bbox 579 637 746 730; x_wconf 76' lang='lat' dir='ltr'>quodlibet</span> <span class='ocrx_word' id='word_1_38' title='bbox 760 641 839 708; x_wconf 78' lang='lat' dir='ltr'>dem</span> <span class='ocrx_word' id='word_1_39' title='bbox 855 657 918 719; x_wconf 87' lang='lat' dir='ltr'>est,</span> 
     </span>
    </p>
   </div>
   <div class='ocr_carea' id='block_1_2' title="bbox 10 729 985 3020">
    <p class='ocr_par' dir='ltr' id='par_1_2' title="bbox 77 729 921 996">
     <span class='ocr_line' id='line_1_7' title="bbox 81 729 919 808; baseline 0 -12"><span class='ocrx_word' id='word_1_40' title='bbox 81 743 136 796; x_wconf 83' lang='lat' dir='ltr'>est</span> <span class='ocrx_word' id='word_1_41' title='bbox 149 771 164 808; x_wconf 91' lang='lat'>,-</span> <span class='ocrx_word' id='word_1_42' title='bbox 183 749 248 794; x_wconf 87' lang='lat' dir='ltr'>non</span> <span class='ocrx_word' id='word_1_43' title='bbox 266 729 434 796; x_wconf 81' lang='lat' dir='ltr'>deducitur</span> <span class='ocrx_word' id='word_1_44' title='bbox 455 753 494 798; x_wconf 87' lang='lat' dir='ltr'>ex</span> <span class='ocrx_word' id='word_1_45' title='bbox 517 730 706 800; x_wconf 85' lang='lat' dir='ltr'>certitudine</span> <span class='ocrx_word' id='word_1_46' title='bbox 729 731 831 796; x_wconf 80' lang='lat' dir='ltr'>illius:</span> <span class='ocrx_word' id='word_1_47' title='bbox 854 733 919 796; x_wconf 85' lang='lat' dir='ltr'>iret-</span> 
     </span>
     <span class='ocr_line' id='line_1_8' title="bbox 77 815 400 906; baseline -0.003 -23"><span class='ocrx_word' id='word_1_48' title='bbox 77 815 242 906; x_wconf 79' lang='lat' dir='ltr'>porsibile</span> <span class='ocrx_word' id='word_1_49' title='bbox 261 834 312 884; x_wconf 85' lang='lat' dir='ltr'>est</span> <span class='ocrx_word' id='word_1_50' title='bbox 336 837 400 886; x_wconf 87' lang='lat' dir='ltr'>cet.</span> 
     </span>
     <span class='ocr_line' id='line_1_9' title="bbox 152 905 921 996; baseline 0.001 -25"><span class='ocrx_word' id='word_1_51' title='bbox 152 905 255 995; x_wconf 88' lang='lat' dir='ltr'>Resp.</span> <span class='ocrx_word' id='word_1_52' title='bbox 274 907 316 972; x_wconf 86' lang='lat' dir='ltr'>C.</span> <span class='ocrx_word' id='word_1_53' title='bbox 334 907 408 972; x_wconf 86' lang='lat' dir='ltr'>mai.</span> <span class='ocrx_word' id='word_1_54' title='bbox 428 905 498 974; x_wconf 88' lang='lat' dir='ltr'>dist.</span> <span class='ocrx_word' id='word_1_55' title='bbox 523 909 617 974; x_wconf 79' lang='lat' dir='ltr'>mint</span> <span class='ocrx_word' id='word_1_56' title='bbox 643 906 822 996; x_wconf 84' lang='lat' dir='ltr'>propositio</span> <span class='ocrx_word' id='word_1_57' title='bbox 846 907 921 972; x_wconf 88' lang='lat' dir='ltr'>sint·</span> 
     </span>
    </p>

    <p class='ocr_par' dir='ltr' id='par_1_3' title="bbox 11 993 927 1942">
     <span class='ocr_line' id='line_1_10' title="bbox 11 993 921 1088; baseline 0.004 -32"><span class='ocrx_word' id='word_1_58' title='bbox 11 1001 21 1010; x_wconf 85' lang='lat'><strong><em>‘</em></strong></span> <span class='ocrx_word' id='word_1_59' title='bbox 83 993 165 1082; x_wconf 83' lang='lat' dir='ltr'>piex</span> <span class='ocrx_word' id='word_1_60' title='bbox 181 997 266 1081; x_wconf 87' lang='lat' dir='ltr'>prior</span> <span class='ocrx_word' id='word_1_61' title='bbox 280 1011 327 1061; x_wconf 84' lang='lat' dir='ltr'>est</span> <span class='ocrx_word' id='word_1_62' title='bbox 342 998 535 1082; x_wconf 85' lang='lat' dir='ltr'>composita,</span> <span class='ocrx_word' id='word_1_63' title='bbox 558 1013 713 1088; x_wconf 88' lang='lat' dir='ltr'>quatenus</span> <span class='ocrx_word' id='word_1_64' title='bbox 731 1015 778 1059; x_wconf 90' lang='lat' dir='ltr'>est</span> <span class='ocrx_word' id='word_1_65' title='bbox 794 1017 921 1084; x_wconf 92' lang='lat' dir='ltr'>propo-</span> 
     </span>
     <span class='ocr_line' id='line_1_11' title="bbox 85 1083 916 1174; baseline 0.004 -29"><span class='ocrx_word' id='word_1_66' title='bbox 85 1083 180 1158; x_wconf 85' lang='lat' dir='ltr'>sitio,</span> <span class='ocrx_word' id='word_1_67' title='bbox 203 1083 243 1147; x_wconf 92' lang='lat' dir='ltr'>C.</span> <span class='ocrx_word' id='word_1_68' title='bbox 268 1086 360 1163; x_wconf 76' lang='lat' dir='ltr'>min,</span> <span class='ocrx_word' id='word_1_69' title='bbox 381 1101 534 1172; x_wconf 85' lang='lat' dir='ltr'>quatenus</span> <span class='ocrx_word' id='word_1_70' title='bbox 551 1105 597 1151; x_wconf 85' lang='lat' dir='ltr'>est</span> <span class='ocrx_word' id='word_1_71' title='bbox 615 1086 799 1174; x_wconf 85' lang='lat' dir='ltr'>principium</span> <span class='ocrx_word' id='word_1_72' title='bbox 817 1087 916 1149; x_wconf 85' lang='lat' dir='ltr'>certi·</span> 
     </span>
     <span class='ocr_line' id='line_1_12' title="bbox 87 1167 922 1261; baseline 0.004 -27"><span class='ocrx_word' id='word_1_73' title='bbox 87 1167 228 1250; x_wconf 88' lang='lat' dir='ltr'>tudinis,</span> <span class='ocrx_word' id='word_1_74' title='bbox 253 1171 296 1236; x_wconf 90' lang='lat' dir='ltr'>N.</span> <span class='ocrx_word' id='word_1_75' title='bbox 317 1173 390 1238; x_wconf 89' lang='lat' dir='ltr'>rnin.</span> <span class='ocrx_word' id='word_1_76' title='bbox 418 1175 600 1261; x_wconf 87' lang='lat' dir='ltr'>Propositio</span> <span class='ocrx_word' id='word_1_77' title='bbox 616 1173 793 1260; x_wconf 85' lang='lat' dir='ltr'>composita</span> <span class='ocrx_word' id='word_1_78' title='bbox 815 1176 922 1238; x_wconf 79' lang='lat' dir='ltr'>meio·-</span> 
     </span>
     <span class='ocr_line' id='line_1_13' title="bbox 89 1259 919 1349; baseline 0.005 -27"><span class='ocrx_word' id='word_1_79' title='bbox 89 1277 156 1322; x_wconf 84' lang='lat' dir='ltr'>rem</span> <span class='ocrx_word' id='word_1_80' title='bbox 181 1260 350 1348; x_wconf 78' lang='lat' dir='ltr'>aliquando</span> <span class='ocrx_word' id='word_1_81' title='bbox 380 1259 790 1349; x_wconf 74' lang='lat' dir='ltr'>praesefert&#39;evideutiatrt,</span> <span class='ocrx_word' id='word_1_82' title='bbox 825 1283 919 1349; x_wconf 82' lang='lat' dir='ltr'>quant</span> 
     </span>
     <span class='ocr_line' id='line_1_14' title="bbox 89 1349 922 1440; baseline 0.007 -30"><span class='ocrx_word' id='word_1_83' title='bbox 89 1349 270 1434; x_wconf 84' lang='lat' dir='ltr'>propositio</span> <span class='ocrx_word' id='word_1_84' title='bbox 300 1350 646 1440; x_wconf 83' lang='lat' dir='ltr'>simplex.·Quidquid</span> <span class='ocrx_word' id='word_1_85' title='bbox 675 1351 713 1415; x_wconf 86' lang='lat' dir='ltr'>sit</span> <span class='ocrx_word' id='word_1_86' title='bbox 744 1351 782 1415; x_wconf 88' lang='lat' dir='ltr'>de</span> <span class='ocrx_word' id='word_1_87' title='bbox 815 1353 922 1416; x_wconf 87' lang='lat' dir='ltr'>maiori</span> 
     </span>
     <span class='ocr_line' id='line_1_15' title="bbox 87 1433 927 1525; baseline 0.007 -27"><span class='ocrx_word' id='word_1_88' title='bbox 87 1433 202 1500; x_wconf 81' lang='lat' dir='ltr'>horum</span> <span class='ocrx_word' id='word_1_89' title='bbox 218 1439 411 1504; x_wconf 82' lang='lat' dir='ltr'>ariomatum</span> <span class='ocrx_word' id='word_1_90' title='bbox 425 1440 600 1518; x_wconf 80' lang='lat' dir='ltr'>evidentis,</span> <span class='ocrx_word' id='word_1_91' title='bbox 622 1443 651 1504; x_wconf 90' lang='lat' dir='ltr'>iu</span> <span class='ocrx_word' id='word_1_92' title='bbox 670 1442 820 1525; x_wconf 80' lang='lat' dir='ltr'>praesenti</span> <span class='ocrx_word' id='word_1_93' title='bbox 835 1461 927 1504; x_wconf 52' lang='lat' dir='ltr'>cons</span> 
     </span>
     <span class='ocr_line' id='line_1_16' title="bbox 88 1525 922 1612; baseline 0.004 -24"><span class='ocrx_word' id='word_1_94' title='bbox 88 1525 228 1592; x_wconf 86' lang='lat' dir='ltr'>eittsione</span> <span class='ocrx_word' id='word_1_95' title='bbox 250 1525 324 1590; x_wconf 84' lang='lat' dir='ltr'>nihil</span> <span class='ocrx_word' id='word_1_96' title='bbox 347 1528 433 1605; x_wconf 86' lang='lat' dir='ltr'>aliud</span> <span class='ocrx_word' id='word_1_97' title='bbox 456 1530 622 1606; x_wconf 85' lang='lat' dir='ltr'>volumus,</span> <span class='ocrx_word' id='word_1_98' title='bbox 645 1528 700 1592; x_wconf 88' lang='lat' dir='ltr'>nisi</span> <span class='ocrx_word' id='word_1_99' title='bbox 724 1530 922 1612; x_wconf 84' lang='lat' dir='ltr'>propositio-</span> 
     </span>
     <span class='ocr_line' id='line_1_17' title="bbox 88 1614 922 1703; baseline 0.006 -29"><span class='ocrx_word' id='word_1_100' title='bbox 88 1633 160 1678; x_wconf 85' lang='lat' dir='ltr'>nem</span> <span class='ocrx_word' id='word_1_101' title='bbox 186 1614 285 1680; x_wconf 78' lang='lat' dir='ltr'>haner</span> <span class='ocrx_word' id='word_1_102' title='bbox 321 1615 517 1703; x_wconf 84' lang='lat' dir='ltr'>impossibile</span> <span class='ocrx_word' id='word_1_103' title='bbox 543 1631 593 1683; x_wconf 87' lang='lat' dir='ltr'>ert</span> <span class='ocrx_word' id='word_1_104' title='bbox 619 1635 681 1688; x_wconf 87' lang='lat' dir='ltr'>cet.</span> <span class='ocrx_word' id='word_1_105' title='bbox 709 1636 727 1678; x_wconf 87' lang='lat' dir='ltr'>a</span> <span class='ocrx_word' id='word_1_106' title='bbox 754 1615 837 1679; x_wconf 83' lang='lat' dir='ltr'>nulia</span> <span class='ocrx_word' id='word_1_107' title='bbox 862 1616 922 1680; x_wconf 83' lang='lat' dir='ltr'>alia</span> 
     </span>
     <span class='ocr_line' id='line_1_18' title="bbox 87 1703 924 1789; baseline 0.004 -25"><span class='ocrx_word' id='word_1_108' title='bbox 87 1703 305 1788; x_wconf 84' lang='lat' dir='ltr'>propositione</span> <span class='ocrx_word' id='word_1_109' title='bbox 319 1705 477 1788; x_wconf 84' lang='lat' dir='ltr'>pendete3</span> <span class='ocrx_word' id='word_1_110' title='bbox 494 1707 670 1770; x_wconf 87' lang='lat' dir='ltr'>ceterarum</span> <span class='ocrx_word' id='word_1_111' title='bbox 683 1722 788 1769; x_wconf 82' lang='lat' dir='ltr'>autent</span> <span class='ocrx_word' id='word_1_112' title='bbox 803 1725 924 1789; x_wconf 58' lang='lat' dir='ltr'>propos</span> 
     </span>
     <span class='ocr_line' id='line_1_19' title="bbox 89 1789 922 1942; baseline 0.007 -88"><span class='ocrx_word' id='word_1_113' title='bbox 89 1789 237 1942; x_wconf 54' lang='lat' dir='ltr'>{lipionum</span> <span class='ocrx_word' id='word_1_114' title='bbox 268 1792 489 1859; x_wconf 81' lang='lat' dir='ltr'>certitudinem</span> <span class='ocrx_word' id='word_1_115' title='bbox 518 1794 657 1882; x_wconf 85' lang='lat' dir='ltr'>pendere</span> <span class='ocrx_word' id='word_1_116' title='bbox 687 1815 705 1858; x_wconf 90' lang='lat' dir='ltr'>a</span> <span class='ocrx_word' id='word_1_117' title='bbox 733 1792 922 1860; x_wconf 83' lang='lat' dir='ltr'>certitudine</span> 
     </span>
    </p>

    <p class='ocr_par' dir='ltr' id='par_1_4' title="bbox 90 1899 924 2148">
     <span class='ocr_line' id='line_1_20' title="bbox 123 1899 183 1944; baseline 0.05 -4"><span class='ocrx_word' id='word_1_118' title='bbox 123 1899 183 1944; x_wconf 90' lang='lat' dir='ltr'>tus.</span> 
     </span>
     <span class='ocr_line' id='line_1_21' title="bbox 155 1965 922 2059; baseline 0.007 -27"><span class='ocrx_word' id='word_1_119' title='bbox 155 1965 237 2032; x_wconf 88' lang='lat' dir='ltr'>Inst.</span> <span class='ocrx_word' id='word_1_120' title='bbox 268 1986 295 2032; x_wconf 80' lang='lat' dir='ltr'>a.</span> <span class='ocrx_word' id='word_1_121' title='bbox 319 1967 507 2054; x_wconf 87' lang='lat' dir='ltr'>Principium</span> <span class='ocrx_word' id='word_1_122' title='bbox 530 1969 632 2036; x_wconf 85' lang='lat' dir='ltr'>istud:</span> <span class='ocrx_word' id='word_1_123' title='bbox 653 1967 848 2059; x_wconf 70' lang='lat' dir='ltr'>impossihile</span> <span class='ocrx_word' id='word_1_124' title='bbox 871 1985 922 2038; x_wconf 88' lang='lat' dir='ltr'>est</span> 
     </span>
     <span class='ocr_line' id='line_1_22' title="bbox 90 2058 924 2148; baseline 0.007 -30"><span class='ocrx_word' id='word_1_125' title='bbox 90 2073 151 2121; x_wconf 86' lang='lat' dir='ltr'>eet.</span> <span class='ocrx_word' id='word_1_126' title='bbox 170 2074 217 2122; x_wconf 87' lang='lat' dir='ltr'>est</span> <span class='ocrx_word' id='word_1_127' title='bbox 235 2059 413 2144; x_wconf 88' lang='lat' dir='ltr'>propositio</span> <span class='ocrx_word' id='word_1_128' title='bbox 430 2079 564 2148; x_wconf 84' lang='lat' dir='ltr'>negans,</span> <span class='ocrx_word' id='word_1_129' title='bbox 588 2058 671 2122; x_wconf 83' lang='lat' dir='ltr'>istu&#39;d</span> <span class='ocrx_word' id='word_1_130' title='bbox 694 2079 789 2134; x_wconf 86' lang='lat' dir='ltr'>vero,</span> <span class='ocrx_word' id='word_1_131' title='bbox 815 2059 924 2146; x_wconf 81' lang='lat' dir='ltr'>qood-</span> 
     </span>
    </p>

    <p class='ocr_par' dir='ltr' id='par_1_5' title="bbox 10 2140 985 2586">
     <span class='ocr_line' id='line_1_23' title="bbox 10 2140 972 2234; baseline 0.008 -30"><span class='ocrx_word' id='word_1_132' title='bbox 10 2201 11 2204; x_wconf 63' lang='lat'>,</span> <span class='ocrx_word' id='word_1_133' title='bbox 90 2140 170 2208; x_wconf 85' lang='lat' dir='ltr'>libet</span> <span class='ocrx_word' id='word_1_134' title='bbox 192 2143 362 2223; x_wconf 79' lang='lat' dir='ltr'>damete,</span> <span class='ocrx_word' id='word_1_135' title='bbox 392 2162 460 2224; x_wconf 89' lang='lat' dir='ltr'>est,</span> <span class='ocrx_word' id='word_1_136' title='bbox 483 2161 530 2211; x_wconf 87' lang='lat' dir='ltr'>est</span> <span class='ocrx_word' id='word_1_137' title='bbox 555 2146 730 2234; x_wconf 84' lang='lat' dir='ltr'>propositio</span> <span class='ocrx_word' id='word_1_138' title='bbox 753 2143 920 2225; x_wconf 76' lang='lat' dir='ltr'>aifirrrrans3</span> <span class='ocrx_word' id='word_1_139' title='bbox 967 2182 972 2192; x_wconf 84' lang='grc'><strong>-</strong></span> 
     </span>
     <span class='ocr_line' id='line_1_24' title="bbox 91 2233 924 2322; baseline 0.005 -26"><span class='ocrx_word' id='word_1_140' title='bbox 91 2233 146 2297; x_wconf 87' lang='lat' dir='ltr'>sed</span> <span class='ocrx_word' id='word_1_141' title='bbox 169 2255 210 2298; x_wconf 83' lang='lat' dir='ltr'>es</span> <span class='ocrx_word' id='word_1_142' title='bbox 231 2234 449 2320; x_wconf 87' lang='lat' dir='ltr'>propositione</span> <span class='ocrx_word' id='word_1_143' title='bbox 472 2253 607 2322; x_wconf 85' lang='lat' dir='ltr'>negante</span> <span class='ocrx_word' id='word_1_144' title='bbox 629 2235 835 2298; x_wconf 83' lang='lat' dir='ltr'>demonstrari</span> <span class='ocrx_word' id='word_1_145' title='bbox 857 2255 924 2300; x_wconf 84' lang='lat' dir='ltr'>noo</span> 
     </span>
     <span class='ocr_line' id='line_1_25' title="bbox 91 2315 926 2409; baseline 0 -25"><span class='ocrx_word' id='word_1_146' title='bbox 91 2338 200 2406; x_wconf 87' lang='lat' dir='ltr'>potest</span> <span class='ocrx_word' id='word_1_147' title='bbox 225 2322 399 2409; x_wconf 89' lang='lat' dir='ltr'>propositio</span> <span class='ocrx_word' id='word_1_148' title='bbox 422 2319 602 2401; x_wconf 75' lang='lat' dir='ltr'>affirmans3</span> <span class='ocrx_word' id='word_1_149' title='bbox 626 2343 702 2408; x_wconf 85' lang='lat' dir='ltr'>ergo</span> <span class='ocrx_word' id='word_1_150' title='bbox 733 2315 926 2407; x_wconf 86' lang='lat' dir='ltr'>principium¹</span> 
     </span>
     <span class='ocr_line' id='line_1_26' title="bbox 91 2404 985 2504; baseline 0.001 -31"><span class='ocrx_word' id='word_1_151' title='bbox 91 2404 260 2496; x_wconf 79' lang='lat' dir='ltr'>quodlibet</span> <span class='ocrx_word' id='word_1_152' title='bbox 294 2409 372 2478; x_wconf 86' lang='lat' dir='ltr'>dum</span> <span class='ocrx_word' id='word_1_153' title='bbox 398 2425 470 2487; x_wconf 86' lang='lat' dir='ltr'>est,</span> <span class='ocrx_word' id='word_1_154' title='bbox 496 2427 568 2489; x_wconf 89' lang='lat' dir='ltr'>ert,</span> <span class='ocrx_word' id='word_1_155' title='bbox 600 2432 663 2475; x_wconf 91' lang='lat' dir='ltr'>non</span> <span class='ocrx_word' id='word_1_156' title='bbox 690 2407 927 2474; x_wconf 81' lang='lat' dir='ltr'>demonstratur</span> <span class='ocrx_word' id='word_1_157' title='bbox 969 2477 985 2504; x_wconf 40' lang='grc' dir='ltr'><em>ν</em></span> 
     </span>
     <span class='ocr_line' id='line_1_27' title="bbox 92 2496 924 2586; baseline 0.004 -26"><span class='ocrx_word' id='word_1_158' title='bbox 92 2518 148 2584; x_wconf 88' lang='lat' dir='ltr'>per</span> <span class='ocrx_word' id='word_1_159' title='bbox 163 2496 268 2574; x_wconf 72' lang='lat' dir='ltr'>aliud,</span> <span class='ocrx_word' id='word_1_160' title='bbox 283 2498 480 2586; x_wconf 84' lang='lat' dir='ltr'>impossibile</span> <span class='ocrx_word' id='word_1_161' title='bbox 496 2515 546 2564; x_wconf 87' lang='lat' dir='ltr'>est</span> <span class='ocrx_word' id='word_1_162' title='bbox 560 2517 620 2566; x_wconf 89' lang='lat' dir='ltr'>cet.</span> <span class='ocrx_word' id='word_1_163' title='bbox 638 2500 738 2586; x_wconf 90' lang='lat' dir='ltr'>Resp.</span> <span class='ocrx_word' id='word_1_164' title='bbox 753 2497 824 2562; x_wconf 88' lang='lat' dir='ltr'>dist.</span> <span class='ocrx_word' id='word_1_165' title='bbox 839 2498 924 2563; x_wconf 86' lang='lat' dir='ltr'>mint</span> 
     </span>
    </p>

    <p class='ocr_par' dir='ltr' id='par_1_6' title="bbox 10 2585 930 2675">
     <span class='ocr_line' id='line_1_28' title="bbox 10 2585 930 2675; baseline 0.002 -27"><span class='ocrx_word' id='word_1_166' title='bbox 10 2615 11 2622; x_wconf 16' lang='grc' dir='ltr'><strong>κ</strong></span> <span class='ocrx_word' id='word_1_167' title='bbox 93 2607 131 2648; x_wconf 83' lang='lat' dir='ltr'>ex</span> <span class='ocrx_word' id='word_1_168' title='bbox 148 2585 369 2672; x_wconf 84' lang='lat' dir='ltr'>propositione</span> <span class='ocrx_word' id='word_1_169' title='bbox 394 2605 527 2675; x_wconf 83' lang='lat' dir='ltr'>negante</span> <span class='ocrx_word' id='word_1_170' title='bbox 544 2586 751 2655; x_wconf 89' lang='lat' dir='ltr'>demonstrari</span> <span class='ocrx_word' id='word_1_171' title='bbox 768 2609 832 2651; x_wconf 90' lang='lat' dir='ltr'>non</span> <span class='ocrx_word' id='word_1_172' title='bbox 862 2607 930 2675; x_wconf 89' lang='lat' dir='ltr'>po-</span> 
     </span>
    </p>

    <p class='ocr_par' dir='ltr' id='par_1_7' title="bbox 10 2673 929 2854">
     <span class='ocr_line' id='line_1_29' title="bbox 10 2673 926 2762; baseline 0.008 -29"><span class='ocrx_word' id='word_1_173' title='bbox 10 2713 12 2724; x_wconf 84' lang='lat'><em>·</em></span> <span class='ocrx_word' id='word_1_174' title='bbox 66 2745 69 2754; x_wconf 18' lang='lat' dir='ltr'><em>A</em></span> <span class='ocrx_word' id='word_1_175' title='bbox 96 2689 153 2738; x_wconf 89' lang='lat' dir='ltr'>test</span> <span class='ocrx_word' id='word_1_176' title='bbox 180 2675 356 2762; x_wconf 88' lang='lat' dir='ltr'>propositio</span> <span class='ocrx_word' id='word_1_177' title='bbox 373 2673 530 2761; x_wconf 81' lang='lat' dir='ltr'>affirmans</span> <span class='ocrx_word' id='word_1_178' title='bbox 552 2677 678 2742; x_wconf 83' lang='lat' dir='ltr'>directe</span> <span class='ocrx_word' id='word_1_179' title='bbox 699 2693 730 2743; x_wconf 85' lang='lat' dir='ltr'>et</span> <span class='ocrx_word' id='word_1_180' title='bbox 756 2680 926 2754; x_wconf 79' lang='lat' dir='ltr'>ostensive,</span> 
     </span>
     <span class='ocr_line' id='line_1_30' title="bbox 96 2757 929 2854; baseline 0.007 -30"><span class='ocrx_word' id='word_1_181' title='bbox 96 2759 134 2824; x_wconf 85' lang='lat' dir='ltr'>C.</span> <span class='ocrx_word' id='word_1_182' title='bbox 151 2763 244 2840; x_wconf 75' lang='lat' dir='ltr'>min,</span> <span class='ocrx_word' id='word_1_183' title='bbox 262 2757 420 2834; x_wconf 78' lang='lat' dir='ltr'>indirecte</span> <span class='ocrx_word' id='word_1_184' title='bbox 437 2783 467 2830; x_wconf 90' lang='lat' dir='ltr'>et</span> <span class='ocrx_word' id='word_1_185' title='bbox 485 2770 677 2854; x_wconf 77' lang='lat' dir='ltr'>apogogr‘ee,</span> <span class='ocrx_word' id='word_1_186' title='bbox 693 2761 739 2830; x_wconf 87' lang='lat' dir='ltr'>N.</span> <span class='ocrx_word' id='word_1_187' title='bbox 758 2763 830 2828; x_wconf 87' lang='lat' dir='ltr'>min.</span> <span class='ocrx_word' id='word_1_188' title='bbox 856 2762 929 2830; x_wconf 85' lang='lat' dir='ltr'>Ita-</span> 
     </span>
    </p>

    <p class='ocr_par' dir='ltr' id='par_1_8' title="bbox 10 2848 979 2942">
     <span class='ocr_line' id='line_1_31' title="bbox 10 2848 979 2942; baseline 0.004 -30"><span class='ocrx_word' id='word_1_189' title='bbox 10 2903 13 2940; x_wconf 37' lang='lat'>?</span> <span class='ocrx_word' id='word_1_190' title='bbox 96 2871 155 2934; x_wconf 86' lang='lat' dir='ltr'>que</span> <span class='ocrx_word' id='word_1_191' title='bbox 166 2848 289 2938; x_wconf 86' lang='lat' dir='ltr'>duplex</span> <span class='ocrx_word' id='word_1_192' title='bbox 305 2871 353 2942; x_wconf 78' lang='lat' dir='ltr'>est</span> <span class='ocrx_word' id='word_1_193' title='bbox 366 2853 641 2918; x_wconf 84' lang='lat' dir='ltr'>demonstrationis</span> <span class='ocrx_word' id='word_1_194' title='bbox 654 2871 770 2940; x_wconf 84' lang='lat' dir='ltr'>genus,</span> <span class='ocrx_word' id='word_1_195' title='bbox 785 2851 930 2935; x_wconf 23' lang='lat' dir='ltr'>aliud-di·</span> <span class='ocrx_word' id='word_1_196' title='bbox 976 2931 979 2936; x_wconf 18' lang='lat' dir='ltr'>y</span> 
     </span>
    </p>

    <p class='ocr_par' dir='ltr' id='par_1_9' title="bbox 10 2939 932 3020">
     <span class='ocr_line' id='line_1_32' title="bbox 10 2939 932 3020; baseline 0.002 -18"><span class='ocrx_word' id='word_1_197' title='bbox 10 2943 12 2952; x_wconf 68' lang='lat'><em>²</em></span> <span class='ocrx_word' id='word_1_198' title='bbox 98 2949 236 3020; x_wconf 81' lang='lat' dir='ltr'>rectum,</span> <span class='ocrx_word' id='word_1_199' title='bbox 253 2939 338 3006; x_wconf 89' lang='lat' dir='ltr'>aliud</span> <span class='ocrx_word' id='word_1_200' title='bbox 349 2940 546 3006; x_wconf 85' lang='lat' dir='ltr'>indirectum.</span> <span class='ocrx_word' id='word_1_201' title='bbox 561 2941 799 3010; x_wconf 84' lang='lat' dir='ltr'>Demonstratio</span> <span class='ocrx_word' id='word_1_202' title='bbox 813 2941 932 3006; x_wconf 81' lang='lat' dir='ltr'>directa</span> 
     </span>
    </p>
   </div>
   <div class='ocr_carea' id='block_1_3' title="bbox 0 0 1185 3438">
    <p class='ocr_par' dir='ltr' id='par_1_10' title="bbox 0 0 1185 3438">
     <span class='ocr_line' id='line_1_33' title="bbox 0 0 1185 3438; baseline 0 0"><span class='ocrx_word' id='word_1_203' title='bbox 0 0 1185 3438; x_wconf 95' lang='lat' dir='ltr'> </span> 
     </span>
    </p>
   </div>
  </div>
 </body>
</html>
