2326 3438
65 185 70 196 .
255 137 344 209 tant
366 139 429 194 ttn
453 141 625 192 tuotone.
650 139 791 194 ott.rt.
880 117 942 207 265

12 237 40 302 pu
91 213 269 306 ¹regulae,
299 217 419 302 quasin
446 216 545 296 prima
566 214 684 304 logices
712 229 802 302 patre
825 206 868 276 tle
890 233 974 285 no·y

17 307 40 368 in
98 306 239 370 tionum
255 303 518 372 determinatione
536 303 803 392 praetetipsimus.
820 297 863 364 Hi
879 301 955 386 qui-

11 420 31 457 n·
107 393 188 459 dem
205 415 327 460 ertotes
343 415 380 459 et
396 413 546 480 perverso
561 391 741 458 intellectus
755 411 816 457 usu
836 392 952 456 orion*

11 509 35 546 t.
105 497 192 558 tur,
223 501 255 551 et
277 484 309 547 in
334 480 424 546 nobis
451 503 514 544 non
538 481 778 546 advertentibus
806 499 953 569 perseve-

104 591 196 636 rant.
230 577 274 638 At
288 594 327 637 ex
345 593 443 657 pravo
465 571 552 636 liberi
575 570 693 636 arbitrii
715 591 774 636 usu
798 569 953 658 originem

11 663 29 725 fif:
104 657 238 727 habent
262 680 385 726 etrotes
406 658 480 736 alii,
507 677 586 746 quor
615 660 780 740 emendate
807 658 848 724 ad
870 659 953 724 etho

21 807 28 814 .,
103 769 212 828 cam,
240 771 304 813 nott
328 769 404 814 veto
427 745 468 813 ad
492 747 625 834 logicam
646 749 792 836 pertinet·
822 747 867 815 ld
885 753 954 815 tan'-

11 875 29 904 n
108 852 186 902 tum
216 837 378 903 monebor
409 835 660 902 vehementiores
691 837 784 902 animi
822 837 954 906 allectus

11 956 24 994 :r
112 928 328 1014 tranquillum
345 925 435 989 animi
452 941 570 990 statum
586 924 728 990 turbant.
763 923 952 996 Hincmens

13 1045 23 1083 ,·
86 1031 230 1078 -nostta
250 1036 374 1080 omnem
391 1011 454 1094 sete
478 1014 593 1080 amittit
618 1011 800 1081 facultatem
824 1038 858 1082 ea
877 1025 954 1083 etn'·

114 1093 287 1180 minandi,
315 1125 397 1193 quae
425 1103 455 1166 in
484 1103 670 1194 quaestione
732 1103 864 1193 erpendi
892 1107 954 1174 de·

12 1221 24 1263 2:
115 1187 209 1256 bent.
244 1191 308 1270 Qui
348 1192 489 1256 violento
527 1190 634 1280 aliquo
670 1214 687 1258 a
715 1210 787 1258 ectu
815 1193 952 1278 laborat,

11 1313 24 1353 n·
73 1287 77 1293 ⁴
113 1299 308 1346 cantantum
332 1279 467 1368 percipit
485 1279 592 1357 ideas,
620 1303 704 1368 quae
718 1283 855 1369 aliquam
878 1307 951 1354 cum

11 1399 22 1440 ἱ·
113 1364 179 1432 ltoc
197 1371 265 1456 ipso
278 1367 461 1434 relationem
481 1368 600 1433 habent
615 1413 624 1448 ,
641 1391 659 1432 a
675 1369 804 1457 reliquis
816 1395 880 1437 non
899 1373 954 1440 al-

12 1489 22 1529 :t
108 1454 238 1535 licitur,
260 1456 459 1542 illasqueuitt
475 1457 622 1544 percipit.
649 1457 837 1523 Cavendum
853 1464 951 1549 igitur

11 1539 20 1618 [t
113 1560 166 1610 est
174 1592 186 1623 ,
202 1567 240 1610 ne
254 1545 403 1632 quamdiu
418 1545 531 1612 affectu
546 1548 661 1634 agitata
679 1566 764 1609 mens
779 1563 845 1625 est,
862 1550 900 1614 de
913 1551 950 1620 iis

48 1693 52 1702 ,
116 1635 213 1699 rebus
229 1634 402 1700 iudicemus
413 1681 425 1712 ‚
448 1656 530 1720 quae
552 1635 734 1700 relationem
749 1642 951 1723 quantumvis

11 1733 17 1797 i
116 1721 260 1808 exiguam
271 1743 343 1787 cum
357 1719 472 1787 affectu
488 1721 603 1789 habere
615 1740 770 1811 possunt:
786 1726 816 1789 in
831 1745 952 1794 memo·

12 1845 16 1884 t
112 1814 191 1874 riam
207 1810 387 1877 revocanda
398 1827 483 1886 sunt,
497 1832 581 1897 quae
596 1815 635 1878 de
648 1813 758 1883 iisdem
777 1813 870 1882 rebus
891 1840 953 1884 att-

12 1947 14 1957 1
117 1899 950 1992 teacogitavimntrautindubiohaerendum,quam·

12 2036 13 2046 t
117 1988 166 2055 tis
180 1988 266 2055 clara
281 1987 371 2058 nobis
386 1983 494 2056 favere
507 1988 676 2056 videantur
690 2009 885 2081 argumenta.
911 2031 915 2038 .
934 2019 939 2026 ·

308 2125 757 2257 PARsQuARTA

357 2365 707 2474 nocturn.
743 2299 747 2304 ’

369 2599 434 2668 DE
456 2603 702 2672 METHODO.

12 2743 15 2832 l
124 2677 227 2852 Satis
239 2799 303 2844 non
318 2796 366 2846 est
379 2779 713 2869 tradidissetegutas‚
733 2805 867 2871 quatum
882 2807 947 2876 ope
973 2861 975 2870 4

125 2866 201 2937 ideas
215 2889 364 2938 accurate
378 2866 535 2956 formate,
556 2891 661 2940 earum
679 2873 864 2943 relationem
877 2874 947 2964 ωε]-
