2326 3438
234 159 301 224 244
477 145 666 211 rrrsrrrvr.
698 149 856 210 mrtem
900 151 905 158 ’

230 232 334 299 sciens
357 245 390 296 er
413 231 522 300 volens
548 233 624 298 falsa
650 249 777 311 narrat,
806 232 831 297 is
857 229 935 298 falsa
960 255 1075 300 narra-

233 324 322 387 tione
354 322 515 408 quidpiam
547 323 711 388 intendere
746 319 862 398 deber,
892 324 982 409 quod
1011 323 1080 388 bo-

232 431 309 472 num
344 416 492 495 reputat,
527 412 577 476 vel
611 411 770 475 declinare
803 409 913 476 studet
942 410 1083 493 malum,
1142 445 1143 448 ¹

233 498 322 582 quod
347 519 384 562 ex
411 499 543 564 veritate
567 499 622 564 sibi
648 501 806 566 imminere
829 499 947 564 metuit.
971 497 1011 564 Iu
1037 523 1084 567 ea

233 605 338 652 autem
356 586 575 672 propositione
591 587 630 652 ad
646 609 735 652 usum
751 584 982 666 transferenda,
1015 606 1082 654 at·
1142 625 1143 654 1

233 690 322 740 teore
339 677 506 739 exammari
531 677 647 741 debent
675 678 839 755 notiones,
866 695 942 762 quas
964 675 1082 743 homi-
1142 673 1143 682 ’

233 785 288 828 nes
304 762 417 827 babent
434 765 473 828 de
489 786 527 829 eo
540 777 550 841 ,’
581 763 669 850 quod
693 765 812 832 bouum
834 763 989 834 malumve
1008 783 1078 846 est3

233 851 371 938 alioquin
398 851 438 916 de
463 853 570 932 bono,
606 853 692 940 quod
723 851 797 918 falsa
819 873 947 918 narrans
971 854 1079 920 interr·
1143 859 1144 928 J

203 938 301 1016 -dit,
333 957 388 1005 aut
415 941 461 1007 do'
482 941 585 1018 malo,
615 941 702 1027 quod
734 941 852 1007 evirare
880 940 1005 1022 studet,
1033 944 1076 1007 iu·
1143 1013 1144 1022 q

233 1027 351 1094 dicium
376 1030 439 1093 fieri
464 1052 527 1093 non
555 1047 673 1116 posset.
700 1029 764 1108 Qui
786 1049 893 1095 aurem
909 1027 1076 1097 faisanar·

233 1134 314 1196 rat,
351 1115 470 1180 bonum
510 1139 673 1204 separare,
710 1135 763 1182 aut
800 1119 915 1184 malum
931 1135 1075 1187 metuere

235 1223 343 1294 potest
361 1204 411 1270 vel
428 1205 467 1269 ab
484 1208 540 1285 iis,
572 1207 687 1292 quibus
704 1205 778 1271 falsa
803 1223 928 1286 narrat,
955 1209 1009 1274 vel
1033 1209 1077 1276 ab·

232 1295 326 1372 aliis,
350 1294 391 1358 de
413 1294 530 1381 quibus
557 1293 633 1360 falsa
646 1313 834 1375 narrantur,
862 1312 916 1361 aut
935 1295 1075 1384 denique

233 1381 275 1448 ab
306 1382 393 1456 aiirs,
423 1383 476 1470 qui
511 1385 639 1446 vinculo
676 1384 813 1471 quodam
851 1403 924 1448 cum
962 1385 1075 1451 iisdem
1118 1381 1120 1386 ⁵

233 1469 419 1560 iunguntur.
439 1471 538 1538 Vnde
554 1489 661 1559 patet,
689 1495 783 1560 quam
809 1473 905 1536 multa
930 1472 991 1537 sint
1012 1496 1075 1541 ex·

233 1561 421 1648 pendenda,
454 1560 478 1623 si
508 1561 548 1625 ad
578 1561 724 1647 liquidam
753 1559 825 1625 facti
849 1564 1014 1626 veritatem
1040 1563 1073 1630 iu

232 1643 341 1714 multis
366 1649 487 1713 casibus
511 1667 580 1712 turo
607 1651 767 1734 pervenire
793 1650 939 1715 velimus.
983 1675 987 1680 ’

300 1737 349 1802 Er
368 1738 493 1801 restium
511 1737 635 1812 indole,
659 1739 780 1824 patria,
805 1737 990 1817 affectibus,
1018 1740 1071 1828 ip-

234 1845 340 1887 sorum
368 1825 519 1887 veracitas
544 1825 671 1912 intelligi
695 1825 790 1890 ‘etiam
819 1844 936 1914 potest.
968 1828 1075 1895 Huius
1144 1833 1145 1838 ’

232 1911 327 1976 fidem
343 1931 522 1997 suspectam
540 1911 654 1978 habere
665 1935 860 1997 possumus,
877 1919 931 2002 qui
946 1920 1070 2005 magni-

231 2000 291 2064 fica
321 2020 423 2064 narrar
448 1999 489 2065 de
508 2002 637 2090 seipso,
658 2003 784 2079 amicis,
813 1999 921 2091 parria‘.
946 2006 1070 2072 Contra

232 2107 340 2153 autem
362 2090 533 2154 certissima
556 2093 657 2176 putari
679 2091 820 2169 debent,
850 2095 1070 2181 quaecumque

231 2175 263 2242 in
296 2177 546 2244 adversariorum
578 2180 701 2243 laudern
732 2180 842 2256 affert,
872 2204 973 2267 eaque
1006 2205 1070 2249 nou

233 2285 273 2330 err
305 2268 397 2330 animi
424 2266 605 2338 affectibus,
633 2269 687 2330 sed
715 2291 753 2334 ex
781 2270 850 2331 soio
876 2271 1017 2337 veritatis
1037 2295 1069 2340 a·

231 2373 319 2418 more
344 2377 494 2442 expressa
519 2353 725 2425 videbuntur.
748 2359 874 2423 Verum
896 2359 920 2420 si
947 2361 1069 2448 aliquis,

232 2463 325 2507 sanae
348 2447 531 2528 ceteroquin
555 2449 687 2520 meotis,
716 2443 831 2509 factum
853 2464 959 2511 narrat
976 2467 1069 2536 atque

231 2529 388 2607 testatur,
417 2554 454 2596 err
480 2553 547 2619 quo
570 2535 763 2618 opprobria,
800 2535 952 2619 supplicia
981 2561 1068 2603 mor·

231 2633 361 2705 temque
392 2619 489 2694 ipsam
520 2619 574 2684 sibi
603 2622 786 2706 impendere
822 2625 986 2709 praevidet
1020 2625 1069 2696 vel

225 2711 343 2772 meruit
377 2705 498 2794 absque
531 2709 595 2773 ulla
633 2710 709 2774 lucri
737 2713 788 2776 vel
817 2714 976 2778 commodi
1000 2735 1066 2802 spe3

230 2793 322 2858 buius
346 2812 433 2860 certe
458 2799 593 2862 narratio
618 2817 762 2880 suspecta
787 2821 933 2866 essenon
950 2822 1065 2890 poresr,

231 2903 329 2974 arque
354 2885 453 2974 magis
473 2905 515 2953 ‘ac
538 2887 634 2976 magis
657 2885 733 2954 facti
748 2888 919 2957 certitudo
950 2893 1068 2962 confit·
