2326 3438
221 126 284 196 27²
464 122 653 176 susurrus.
676 121 810 185 sartos.
879 113 884 134 ²
984 153 988 160 .

219 197 299 286 istc
313 193 499 276 ¹¹²⁸fl¹⁰d⁰⁸r
516 214 614 288 ¹atque
629 219 668 266 er
685 221 721 302 ea
738 196 955 301 percipiuntur
967 195 1058 286 fruc-r
1140 199 1153 272 ,i

192 325 194 330 ·
220 291 272 352 t'us
295 287 430 352 maximi.
462 289 505 352 Ar
532 309 561 353 1.
584 289 764 375 saepissime
787 293 917 367 evem't,
944 305 980 352 ur
1002 307 1054 356 res

134 453 138 464 f
181 421 188 435 r
219 372 360 464 perfecte
387 373 560 464 inteiligere
586 397 644 444 nos
672 375 885 456 arbitremur,
916 397 997 465 quas
1028 377 1061 446 si

218 463 349 528 velimus
364 463 394 526 in
409 462 517 528 charra
531 480 642 531 notare
654 511 666 542 ,
682 459 746 529 non
762 466 817 530 nisi
832 485 949 554 vagas,
969 487 1062 540 con-e

219 548 303 618 fusas
327 568 360 616 et
380 549 575 637 imperfectas
599 553 729 622 ideasin
744 553 837 620 nobis
861 546 1056 642 reperimus{

219 659 265 712 11.
294 639 376 706 dom.
400 661 487 706 meus
516 640 729 730 cogitationes
763 641 889 708 alterius
919 640 1060 708 hominis

217 728 298 794 berre
321 729 456 818 digestas
478 751 515 796 ac
538 731 628 796 velut
649 729 705 796 sibi
734 732 879 820 proprias
903 731 1054 796 scriben-
1150 797 1151 804 ,

216 815 260 882 do
284 819 444 906 exponit,
468 817 509 884 ad
529 818 603 886 alias
625 821 754 908 proprio
770 839 868 884 marre
883 821 1055 884 invenien-

215 907 271 973 das
294 906 499 995 disponitur,
530 923 562 973 et
578 908 664 972 stilus
684 906 827 996 optimus
849 907 975 974 dicendi
997 906 1054 973 ef-

216 993 319 1062 fector
346 996 534 1084 perficitur,
562 1011 661 1082 quum
689 997 786 1085 magis
811 1018 848 1062 ac
871 999 967 1084 magis
994 1016 1052 1062 sa·
1152 1051 1153 1062 ,

216 1087 332 1172 gasitan
356 1088 626 1169 mentiscreseat.
654 1083 723 1150 Iam
749 1103 824 1172 post
848 1084 955 1171 aliqua
982 1106 1053 1155 mee
1152 1081 1153 1136 5

213 1173 345 1254 thodice¹
366 1192 491 1260 peracta
515 1173 643 1251 studia,
666 1175 729 1236 vim
750 1175 833 1238 illam
854 1175 965 1250 mentis
989 1194 1055 1260 pes
1152 1179 1153 1184 ’

191 1300 194 1303 >
214 1263 339 1327 riclitari
354 1281 509 1351 oportet,
526 1262 569 1326 ita
586 1277 621 1327 ut
637 1261 705 1325 solo
721 1263 817 1328 tituio
832 1261 954 1326 articuli
968 1282 1057 1347 per·

214 1363 310 1437 cepto
323 1397 335 1429 ,
361 1373 425 1416 rem
440 1350 539 1436 ipsam
552 1351 769 1440 propositam,
787 1367 957 1437 antequam
971 1353 1060 1431 auc-2

215 1456 318 1506 torem
357 1440 527 1535 legamus,
562 1440 692 1526 proprio
727 1449 828 1505 marre
864 1456 1056 1524 tractemus,-
1152 1491 1153 1502 ,

211 1527 244 1596 et
277 1527 394 1596 deinde
421 1526 628 1618 cogitationes
656 1543 778 1592 nostras
807 1549 882 1592 cum
907 1528 1047 1602 auctoris

214 1617 440 1696 conferamus,
477 1635 587 1702 postea
612 1635 651 1682 ex
677 1615 772 1701 ritulo
797 1615 910 1702 capitis
940 1633 1048 1682 totum

215 1726 313 1793 capnt
345 1709 529 1783 solvemus,
559 1721 591 1770 et
622 1707 663 1768 sic
689 1704 800 1770 eadem
821 1707 943 1790 ratione
971 1725 1051 1789 pro·

216 1795 395 1862 cedendum
434 1793 466 1855 in
502 1793 581 1856 aliis»
603 1792 796 1858 sectionibus
838 1809 869 1870 et
903 1791 1054 1878 partibus,

215 1883 334 1972 operis.
363 1883 392 1947 Si
417 1901 495 1946 vero
516 1899 644 1968 tempus
665 1881 706 1948 ad
734 1900 782 1948 res
809 1877 871 1944 tabr
898 1897 1052 1949 accurare

216 1969 440 2060 expendendas
464 1967 623 2048 defuerit,
652 1971 754 2033 omnia
773 1972 862 2054 quasi
884 1967 1053 2052 historice,

217 2061 253 2127 ac
275 2060 417 2124 cohibito
444 2057 586 2139 iudicio,
613 2081 652 2124 ne
675 2059 706 2122 in
729 2080 867 2125 errorem
891 2057 1051 2140 labamur,

171 2181 174 2186 ·
215 2147 497 2216 considerabimus.
678 2224 680 2233 Ι

235 2240 309 2309 -V-
356 2237 435 2303 Non
456 2255 503 2302 est
525 2259 542 2302 e
568 2232 710 2302 manibus
733 2233 937 2300 dimittendus
961 2238 1052 2324 opri-

215 2352 283 2397 mus
299 2336 432 2404 auctor,
448 2325 507 2390 nisi
522 2325 622 2412 probe
637 2325 787 2388 memoria
799 2343 963 2401 teneatur3
992 2325 1050 2392 sed

215 2419 325 2510 potius
341 2416 460 2482 centies
483 2413 694 2479 revolvendus
715 2431 789 2489 est,
816 2411 921 2480 donec
943 2413 1050 2497 ipsum
1152 2425 1153 2432 ’

215 2509 344 2573 tandem
363 2505 457 2590 piane
472 2502 700 2588 possideamus.
725 2502 802 2566 Pius
820 2501 902 2566 enim
924 2502 1050 2585 utilira·'

215 2597 254 2663 ris
284 2616 322 2661 ex
353 2592 444 2656 nnius
471 2589 547 2656 boni
577 2591 711 2655 auctoris
740 2609 884 2654 accurata
913 2591 1053 2658 lecriorre‘

117 2757 121 2761 ,
215 2700 475 2766 consequemur,
501 2701 597 2764 quam
619 2699 659 2742 ex
675 2679 834 2763 praecipiti
851 2679 934 2743 mille
955 2679 1052 2763 opti-

217 2773 340 2842 r'norum
363 2783 529 2832 auctorum
552 2765 698 2840 lectione.
726 2767 993 2850 Frequensiliud
1014 2791 1064 2838 e-,

217 2858 477 2930 rre'rciriumnon
501 2854 604 2926 solum
630 2852 820 2946 intelligendi
843 2855 934 2938 vim,
959 2853 1051 2946 quod
