2246 3412
285 93 370 159 raus
385 91 415 142 rt
431 87 589 144 maran.
611 94 688 146 osu.
708 93 762 144 tt.
784 161 790 172 ,
918 75 982 168 267

76 177 337 246 maturrime,
362 182 434 233 eunt
451 187 516 232 esse
538 185 591 232 eus
618 164 835 254 contingens,
865 177 985 235 nexum

78 262 194 322 retum
219 277 256 320 ae
269 254 411 321 ordinem
427 273 557 322 naturae
582 277 600 320 a
621 259 809 322 necessitate
833 253 985 323 absoluta

79 342 257 410 itnuturtem
273 365 362 422 esse,
379 360 477 431 atque
491 346 625 409 animant
639 343 806 409 humanam
821 346 851 410 in
865 345 984 415 volen·
1036 417 1037 421 ,

79 431 128 496 do
142 451 183 496 ac
200 431 343 498 nolendo
357 451 424 496 esse
444 431 574 496 omnino
598 432 748 510 liberaret
780 428 984 500 manifestum

77 537 154 598 est,
185 539 359 609 utmtnque
374 515 565 586 satalisntum
578 543 716 590 errorent
732 541 799 588 esse
815 520 984 588 absurdit-

73 628 213 674 ertnum.
850 653 853 659 -

126 693 200 760 ΙΙΙ.
245 694 596 787 Anthropomorphitae
622 699 794 776 dicuntur,
825 697 881 785 qui
907 695 983 782 Deo

7 829 8 834 κ
77 781 237 850 tribuunt
259 805 375 874 corpus
392 787 582 868 humanum,
610 805 644 854 et
658 786 742 852 hunc
761 807 899 858 errorent
917 809 984 852 an-

7 930 13 952 ,
77 872 433 962 thropomorpbt'smum
468 897 617 943 crassum
652 873 902 964 appellabimus,
946 891 983 942 ut

79 960 301 1050 distinguatur
314 961 354 1027 ab
367 962 430 1028 alio
443 983 569 1052 errore,
594 985 677 1049 quae
692 965 765 1030 Deo
780 983 837 1050 per
851 961 983 1032 modum

7 1046 12 1062 '
79 1051 255 1118 animatore
280 1050 467 1118 raesentatio
478 1051 573 1118 tacite
584 1051 767 1118 tribuuntur
779 1051 983 1118 limitationes
1044 1125 1045 1128 Ἴ

7 1197 12 1214 ,
78 1157 115 1206 et
138 1140 241 1226 impet
257 1140 407 1206 ectiones.
439 1138 536 1205 Hunc
566 1161 704 1208 errorem
734 1139 983 1228 anthropomor-

7 1217 12 1300 '.
72 1227 248 1317 phismum
260 1227 414 1294 subtilem
427 1227 623 1294 vocabimus.
640 1228 983 1334 Anthropontorphis-
1030 1297 1033 1302 ,

7 1319 12 1398 ’ί
80 1337 174 1380 mum
190 1335 328 1382 crassum
343 1315 451 1403 primis
462 1318 612 1384 ecclesiae
621 1319 751 1384 saeculis
762 1316 897 1404 amplexr
909 1334 983 1385 sunt

7 1407 9 1452 ῗ
80 1403 220 1493 quidam
233 1403 391 1472 haeretiei.
407 1405 563 1473 Eumdem
580 1409 654 1470 olirrt
670 1406 789 1481 rabbini
807 1406 932 1494 plures,
950 1424 984 1474 et

10 1564 12 1585 Ι
80 1490 186 1560 hodie
208 1515 249 1558 ex
269 1491 386 1560 iudaeis
406 1493 719 1582 aliqui'defendunt,
743 1515 781 1562 ea
808 1495 984 1584 scripturae

7 1641 11 1666 ,
79 1581 181 1661 loca,
208 1581 366 1670 inquibus
382 1581 456 1647 Deo
466 1581 615 1650 ridentur
632 1582 726 1650 tribui
740 1603 858 1673 organa
873 1603 904 1650 et
919 1607 985 1670 *ae-

7 1667 12 1682 '
81 1671 188 1736 tiones
204 1667 348 1736 humanis
364 1669 500 1752 similes,
532 1671 664 1762 proprie
684 1693 721 1737 ac
737 1695 905 1762 perperam
928 1673 984 1738 in-
1082 1709 1084 1711 ·

8 1750 11 1768 ¹
81 1759 267 1848 terpretari.
300 1759 402 1825 Porro
424 1759 732 1841 demonstravimus,
756 1758 982 1848 perfectiones,

55 1895 58 1902 .
82 1869 171 1934 quae
187 1847 308 1914 animae
324 1855 449 1915 nostrae
462 1851 589 1929 insunt,
615 1851 687 1916 Deo
705 1848 885 1915 tribuendas
913 1872 984 1920 esse

82 1935 115 2000 in
132 1936 235 2025 gradu
258 1937 404 2004 absolute
420 1959 563 2018 summo,
594 1961 654 2006 nec
677 1939 737 2027 ipsi
752 1937 848 2004 tribui
872 1959 982 2028 posse,

20 2025 22 2029 ’
83 2045 173 2110 quae
188 2021 359 2092 defectum
382 2026 516 2116 aliquem
538 2029 718 2094 involvunt.
743 2027 857 2108 Quare
878 2047 982 2117 patet,
1077 2031 1079 2038 '

83 2113 483 2203 anthropomorphismum
496 2115 802 2184 subtilemvcrassum
817 2130 983 2196 esseerro-

85 2221 167 2267 retn.
183 2203 492 2271 Crassissimeerrattt
502 2205 725 2274 materialistae
734 2251 745 2283 ,
759 2203 814 2292 qui
828 2206 912 2269 nulia
925 2208 985 2272 da-

84 2290 112 2352 ri
135 2292 221 2358 entia
246 2293 460 2358 immaterialia
481 2294 659 2359 adfirmant.¹
681 2294 980 2379 Demonstravimus

85 2377 193 2456 enim,
222 2397 254 2446 et
283 2382 388 2448 Deum
414 2399 446 2448 et
467 2383 602 2448 animam
622 2382 789 2448 humanans
812 2403 879 2450 esse
898 2389 980 2450 entia

87 2464 243 2554 simplicia
257 2471 578 2557 atqueintntatetialia
589 2495 597 2548 ;
609 2489 641 2538 et
652 2493 710 2560 pet
725 2495 758 2538 se
773 2471 891 2558 liquet,
906 2473 979 2541 Deo

82 2553 183 2620 tribui
199 2577 262 2622 non
279 2581 375 2647 posse
387 2580 524 2645 corpus,
539 2560 614 2648 quin
630 2562 657 2626 ei
672 2560 849 2644 tribuantur
860 2584 981 2650 corpo·
1008 2579 1011 2586 ’

83 2644 128 2708 ris
141 2643 295 2712 defectus.
311 2648 381 2714 Deo
397 2666 504 2714 autem
522 2650 598 2714 nulli
612 2649 711 2718 inesse
725 2667 859 2738 possunt
872 2652 979 2718 defec·
1073 2709 1078 2713 ,

86 2745 160 2810 tus,
189 2755 226 2801 ac
242 2736 376 2823 proinde
392 2735 765 2828 anthropomorphismus
780 2757 902 2807 crassus
918 2761 979 2806 ta-

84 2821 245 2888 {tissimum
260 2842 307 2891 est
320 2824 475 2892 delirium.
579 2867 583 2871 -
838 2827 840 2829 ’
978 2837 981 2844 ’

82 2945 88 2965 ι
130 2909 200 2982 1V.
244 2911 429 2980 Idealt‘srae
453 2913 565 2980 realem
588 2935 759 3002 corporum
783 2917 976 2986 existentiam

80 3015 223 3090 rtegaut,
242 3001 422 3072 sed-Dete
437 3003 556 3070 animae
575 3004 772 3074 existentiam
792 3006 975 3078 admittunt.
