2326 3438
236 209 320 259 raas
346 207 415 257 rtr.
436 205 597 260 auorum.
621 211 699 262 oar.
724 213 765 262 rr.
854 189 921 281 '247

66 301 157 348 rum
192 279 451 348 circumstantiae·
473 300 593 350 temere
627 303 723 371 atque
760 277 925 353 infeliciter

66 371 332 460 perturbantur,
355 393 458 460 eaque
482 391 721 452 memorantur,
738 393 821 460 quae
838 391 925 439 tem-

75 481 200 550 porum
222 461 351 526 illorum
380 461 578 539 conditioni,
600 463 762 537 moribus,
792 462 926 550 opinio·

78 550 175 614 nibus
188 597 199 628 ,
226 554 276 616 vel
298 551 425 616 sinceris
451 551 516 616 aliis
541 550 680 616 historiis
702 549 924 620 adversantur.

79 635 231 704 Tandem
258 661 299 706 ne
325 645 355 704 iu
383 661 417 705 te
445 642 692 728 perspectissime
717 639 836 706 diutius
862 640 926 704 im·

75 749 266 803 moremur,
287 729 327 794 ad
346 728 510 796 ferendum
526 729 567 794 de
583 728 654 793 libri
678 730 856 795 sinceritate
872 729 928 792 iu·

75 816 202 884 dicium
225 819 346 906 singola
365 813 592 884 accuratissime
616 837 689 882 sunt
715 817 928 904 exploranda,

76 926 168 992 quae
190 907 231 973 de
253 907 407 974 humanae
431 907 628 973 auctoritatis
655 907 773 994 iegibus
790 906 849 969 iam
864 929 927 973 ex-

17 997 19 1084 l
78 992 208 1148 {licata
233 993 330 1062 fuere.
352 997 402 1061 Ex
422 997 467 1062 his
488 999 569 1064 euim
591 993 699 1062 inferri
723 994 863 1082 poterit,
886 1015 929 1062 au

17 1107 18 1116 ¹
98 1083 170 1150 ibet
194 1089 374 1174 propositus
398 1086 439 1150 sit
462 1081 624 1151 manifeste
647 1083 854 1172 suppositus,
877 1085 929 1168 tel

84 1190 256 1257 suspectus
266 1221 278 1252 ,
293 1175 343 1243 vel
366 1174 499 1260 denique
515 1177 651 1240 sincerus
670 1172 778 1240 habeti
796 1170 927 1239 debeat.

133 1259 219 1326 ΧΠ.
265 1263 313 1328 Ex
346 1263 497 1330 hactenus
531 1261 929 1350 explicatis'manilestum

84 1367 160 1430 est,
175 1351 340 1442 duplicem
356 1371 424 1418 esse
439 1353 653 1440 cognoscendi
668 1351 817 1429 modum,
833 1351 930 1418 alium
981 1387 984 1396 ·

85 1440 211 1506 scilicet
244 1462 304 1527 per
333 1461 428 1520 eam,
461 1463 543 1530 quae
574 1463 614 1507 ex
641 1439 733 1504 nobis
768 1441 840 1528 ipsis
866 1457 930 1522 est,

85 1529 326 1618 cognitionem,
352 1551 434 1616 quae
452 1531 589 1620 generali
608 1529 732 1592 nomine
753 1532 841 1592 ratio
865 1547 931 1590 vo-

87 1621 151 1682 cari
179 1635 313 1708 potest;
348 1619 442 1683 alium
472 1635 577 1684 autem
608 1639 666 1705 per
696 1617 931 1694 auctoritatem,

89 1727 176 1794 quae
201 1728 308 1772 rursus
331 1706 455 1797 duplex
474 1725 546 1785 est,
571 1702 686 1772 diuina
712 1720 745 1770 et
770 1702 931 1768 humana.

90 1796 248 1875 Quamvis
269 1812 376 1875 autem
398 1796 477 1860 lides
492 1795 629 1862 humana
646 1815 684 1861 ex
702 1814 735 1858 se
751 1793 849 1858 errori
866 1790 933 1856 ob·

91 1885 190 1952 nortia
211 1885 274 1961 sit3
296 1873 517 1965 nilrilominus,
538 1900 636 1972 prout
661 1905 757 1971 supra
779 1881 934 1948 demons-

94 1990 215 2040 tratum
243 1995 263 2038 a
291 1975 381 2038 nobis
404 1989 480 2054 est,
509 1974 638 2060 aliqua,
668 1993 808 2060 quorum
841 1971 934 2036 uoti-

95 2064 171 2128 tiam
193 2083 252 2150 per
271 2062 366 2128 fidem
388 2061 557 2128 humanam
583 2061 759 2140 habemus,
781 2061 824 2126 ita
846 2076 935 2126 certa

97 2170 171 2219 sunt
194 2167 291 2241 atque
307 2151 465 2232 indubia,
494 2171 531 2217 ut
552 2173 570 2216 a
594 2150 740 2227 nemine,
762 2147 820 2212 uisi
843 2147 936 2236 plane

92 2240 260 2332 desipiat,
291 2241 397 2330 negari
424 2243 534 2306 autin
562 2238 696 2306 dubium
724 2237 834 2328 &vocari
860 2257 937 2322 pos-

99 2333 168 2397 sint.
196 2330 269 2396 Hac
291 2345 396 2400 tamen
420 2329 653 2395 nonobstante
677 2324 825 2391 incertis
850 2325 938 2388 casi·

101 2415 161 2484 bus
179 2417 335 2484 humanae.
359 2417 430 2484 fidei
452 2417 661 2494 certitudine,
680 2413 801 2479 infinito
823 2413 937 2480 discri-

103 2509 184 2574 mine
203 2506 351 2573 differuut
372 2506 452 2572 inter
469 2527 501 2572 se
522 2505 627 2571 divina
642 2504 845 2592 humanaque
861 2523 938 2567 auc·

104 2599 224 2663 toritas.
247 2597 364 2661 Divina
379 2596 461 2660 enirn
478 2596 647 2662 auctoritas
663 2595 832 2659 certissima
848 2611 939 2658 sem-

106 2696 162 2840 ἓν
177 2701 249 2764 est,
275 2685 465 2750 invariabilis
479 2700 576 2772 atque
596 2685 784 2746 inconcussa
800 2705 810 2759 ;
838 2703 940 2772 quum

139 2793 191 2853 eus
211 2775 279 2862 ipse
301 2779 420 2842 summe
442 2795 539 2840 verax
562 2769 790 2860 perfectosque
805 2771 856 2836 sit.
873 2771 940 2837 Ar·

107 2879 209 2929 tamen
223 2861 249 2927 si
264 2864 344 2928 iuter
354 2861 441 2927 'duos
455 2861 620 2950 generales
636 2860 849 2949 cognoscendi
866 2881 941 2930 tuo,-

110 2947 165 3018 elus
183 2953 344 3019 rariorum
364 2965 396 3018 et
410 2949 540 3036 fidem,
559 2947 834 3037 comparationem
850 2947 942 3011 iusti·
969 2947 971 2954 ’
