2300 3506
231 166 272 233 5n
345 161 348 166 '
469 161 653 213 russisve.
684 161 818 212 tultos.

226 237 347 324 absque
362 235 426 300 ulla
437 235 569 322 imagine
583 255 763 320 corporear3
792 259 868 327 ergo
884 235 991 322 plures
1007 231 1070 300 ba-
1136 291 1137 294 ,

229 325 339 392 bernus
366 325 450 390 ideas
480 345 558 411 pure
589 323 829 390 intellectuales.
860 325 956 391 Prob.
986 324 1068 389 min.
1136 395 1137 398 Ἴ

228 415 337 482 Plures
356 413 454 480 menti
470 429 597 478 nostrae
611 411 820 480 obversantur
841 415 931 482 ideae
947 423 1068 492 terum,
1136 445 1137 450 κ

228 526 311 591 quae
347 501 387 570 ab
412 503 497 566 omni
524 503 652 568 materia
682 519 714 566 et
740 503 876 568 sensibili
908 501 1072 589 qualitate
1136 533 1137 572 r

229 613 357 680 prorsus
385 608 524 659 secretae
549 607 646 670 sunt,
675 592 785 678 quales
809 594 887 660 sunt'
903 592 992 658 ideae
1006 603 1071 655 as-
1136 597 1137 614 ³

226 703 341 748 sensus
372 697 405 746 et
444 679 636 756 dissensus,
666 681 812 746 institiae
829 724 839 757 ,
856 677 1071 768 intelligan—
1136 745 1137 750 ,

228 773 326 850 riae,
356 770 435 835 Dei.
469 768 511 834 Et
543 768 672 852 quidem
702 789 844 836 assensus
875 787 908 838 et
937 768 1071 835 dissen-

230 879 283 925 sus
299 907 311 938 ,
339 857 457 924 iustitia
473 904 484 935 ,
511 856 739 944 intelligentia,
763 857 878 938 Deus,
901 874 933 924 et
949 856 1007 922 alia
1022 855 1069 920 si·
1136 859 1137 896 r

155 957 159 962 “
228 949 312 1012 milia
337 947 480 1014 idearum
505 965 684 1012 nostrarum
709 945 835 1012 obiecta
861 947 978 1012 nullam
1001 944 1069 1012 ha·

228 1033 305 1103 beut
317 1037 547 1101 similitudinem
558 1057 631 1100 cum
646 1032 739 1100 rebus
751 1035 968 1120 sensibilibus,
985 1033 1068 1098 nul-

227 1124 260 1192 la
280 1125 435 1214 qualitate
459 1123 594 1192 sensibili
616 1124 758 1210 praedita
778 1141 878 1202 sunt,
910 1123 1067 1210 nullaque

227 1213 360 1301 proinde
381 1215 579 1292 sensatione,
602 1206 656 1278 aut
678 1213 898 1300 imaginatione
929 1231 1067 1302 reprae-

229 1304 344 1368 sentari
366 1317 510 1388 possunt.
535 1357 537 1359 .

293 1388 392 1457 Ptob.
419 1409 448 1456 a.
472 1410 557 1479 pars.
580 1387 714 1452 Admitti
741 1387 861 1456 debent
883 1387 972 1456 ideae
997 1387 1067 1453 ali-

228 1501 313 1568 quae
336 1481 489 1558 innatae,
513 1479 538 1547 si
564 1476 684 1564 aliquas
712 1477 796 1548 ideas
827 1475 907 1544 facili
933 1476 1065 1542 tationis

230 1590 292 1634 usu
316 1583 466 1658 prompte
485 1566 698 1653 acquirimus:
724 1567 811 1652 atqui
836 1566 928 1641 irase
944 1563 1065 1636 habent

226 1657 316 1724 ideae
348 1658 494 1744 aliquae3
524 1677 599 1743 ergo
630 1655 751 1739 aliquae
788 1656 819 1718 in
851 1654 944 1720 'nobis
977 1654 1066 1718 dan-

217 1760 280 1812 ,tur
295 1747 384 1812 ideae
400 1749 536 1810 innatae.
563 1745 669 1808 Minor
684 1739 774 1808 facile
788 1758 877 1831 patet
894 1788 904 1822 ,
932 1744 954 1806 si
971 1741 1064 1808 idea-

158 1882 161 1887 s
212 1855 299 1898 xrum
320 1835 494 1920 aliquarum
509 1832 685 1918 originem,
714 1851 885 1916 earumque
909 1832 1065 1898 inmente
1136 1891 1137 1924 ἶ

226 1938 336 1986 nostra
352 1941 548 2008 progressum
559 1919 805 1984 consideremus.
822 1921 1064 2009 Cogitationem
1136 1929 1137 1988 l

227 2010 309 2075 euim
336 2027 483 2074 nostram
517 2029 608 2074 sensu
642 2009 752 2074 intimo
787 2008 962 2086 novimus3
997 2009 1065 2075 levi

228 2118 335 2166 autern
365 2099 548 2164 attentione·
567 2097 762 2185 percipimus
793 2119 903 2163 omnes
934 2115 1064 2162 nostros

226 2189 387 2278 cogitandi
400 2187 537 2265 modos,
563 2185 642 2274 quid
657 2207 775 2270 nempe
784 2186 823 2262 sit
837 2184 1064 2272 apprehende-

227 2297 283 2358 te,
300 2278 379 2366 quid
395 2275 534 2342 iudicare
544 2322 557 2353 ,
570 2273 748 2364 ratiocinari
761 2321 773 2352 ,
791 2273 962 2351 ordinare,
987 2275 1064 2340 vel-

226 2363 267 2430 le.
300 2366 406 2452 {Quid
427 2366 541 2429 clarius
561 2363 613 2430 vel
631 2365 786 2450 tantisper
807 2364 986 2430 attendenti
1006 2385 1066 2430 es-

227 2474 260 2518 se
275 2473 383 2542 potest
401 2475 497 2538 quam
513 2453 703 2541 principium
718 2452 818 2522 illude
844 2457 948 2540 cogito
965 2495 976 2528 ,
1003 2473 1066 2516 er-

218 2544 369 2630 go'srmr?
394 2541 607 2608 Considerans
632 2543 726 2629 igitur
747 2559 892 2606 creatura
914 2540 1065 2606 rationa-

224 2629 262 2694 lis
283 2652 339 2708 ea,
364 2650 445 2716 quae
464 2651 562 2696 sensu
586 2630 698 2696 intimo
722 2629 752 2692 in
779 2629 882 2714 seipsa
907 2627 1064 2716 percipit,
1136 2625 1137 2668 l

224 2719 360 2804 aliquam
387 2741 456 2783 esse
484 2738 546 2784 tam
569 2718 756 2783 mirabilium
782 2717 954 2784 effectuum
979 2737 1066 2784 cau-

225 2827 290 2872 sam
323 2809 477 2897 intelligit.
513 2808 686 2895 Postquam
716 2826 794 2872 vero
827 2807 925 2872 semel
954 2809 1065 2886 novit,
1136 2887 1137 2898 ἵ

224 2897 358 2979 subtere
379 2918 434 2964 ens
451 2897 583 2984 aliquod
597 2916 804 2986 supremum,
832 2917 850 2960 a
865 2915 931 2984 que
946 2896 1068 2962 omnia
1136 2901 1137 2986 f
