2264 3420
165 74 206 163 56
423 101 614 152 tusrrrvr.
637 97 775 150 rnttor.

160 167 281 232 tumin
308 189 458 239 venarum
481 171 664 240 internodiis
689 168 976 261 apportaretur,
1005 182 1047 233 nt

159 256 302 344 sanguini
319 283 336 324 e
356 261 453 328 corde
468 261 509 327 ad
527 263 655 328 arterias
670 256 1048 328 libernmtconcederent

159 345 350 425 transitum,
373 349 438 414 eius
460 372 538 416 vero
562 370 735 439 regressum
758 343 982 422 refrenarent,
1014 357 1047 412 et

160 450 272 496 contra
296 440 516 521 permitterent
540 439 682 526 sanguini
705 457 760 524 per
785 453 882 500 venas
904 433 1045 499 reditum

160 517 202 584 ad
230 542 287 586 cor
317 526 455 591 eiusdem
482 549 560 593 vero
587 549 646 614 per
670 545 766 592 renas
787 524 950 590 refluxum
983 523 1046 586 irn-

160 607 317 695 peditent.
334 613 432 678 Hnnc
448 634 640 704 perpetuum
657 633 778 680 motum
795 613 960 701 sanguinis
973 613 1042 717 plu·

158 697 271 762 timum
311 701 461 768 adiuvant
488 719 708 770 anastomoses
733 703 798 766 sive
833 717 971 764 mutuae
991 722 1041 765 m·

156 783 374 854 ustulationes
400 795 634 859 extremitatum
664 791 849 857 arteriarum
877 804 911 853 et
943 809 1036 854 vena·

156 893 252 954 rum,
276 878 385 963 quales
399 880 521 968 ubique
548 896 733 946 occurrunt.
753 897 826 942 tva
850 875 975 942 Serum
994 893 1034 942 est

158 957 275 1028 humor
288 969 444 1056 sanguinis
458 968 632 1054 salsus,qui
649 989 705 1053 per
718 988 806 1032 renes
823 980 861 1030 et
877 966 965 1029 cutis
980 987 1036 1054 po·
1105 939 1106 1018 l

159 1069 211 1116 rot
228 1057 420 1122 excernitur.
445 1056 551 1122 Sudor
565 1075 613 1122 est
628 1056 679 1122 illa
695 1057 755 1121 seri
774 1073 865 1143 pars,
884 1075 974 1141 quae
988 1051 1040 1120 snb

73 1205 76 1210 .
158 1157 234 1205 cute
248 1160 369 1210 secreta
385 1165 442 1232 per
458 1167 556 1233 poros
569 1146 768 1210 eliminatur:
784 1141 848 1208 huc
873 1143 976 1208 etiarn
993 1164 1042 1208 re·
1107 1161 1109 1243 ἢ(

158 1219 286 1294 ferenda
302 1237 580 1320 erttranspiretio
591 1229 784 1300 insensibilis.
800 1247 859 1296 vn
879 1227 1042 1296 Fluidntt
1108 1247 1109 1264 l

159 1333 311 1384 uerutum
323 1339 371 1386 est
385 1321 500 1386 humor
515 1321 652 1402 cerebri,
668 1342 734 1410 quo
750 1319 836 1384 nervi
855 1318 1036 1407 irrigantur:
1109 1308 1110 1348 ¹

159 1398 308 1472 Habetur
332 1409 523 1498 plerumque
558 1432 619 1498 pro
654 1408 814 1497 spiritibus
842 1405 1041 1473 animalibus.
1110 1398 1111 1450 l

159 1488 292 1560 Certum
314 1499 443 1583 quidem
457 1517 526 1578 est,
544 1517 655 1564 omnes
680 1496 902 1564 sensibilitates
919 1513 951 1560 et
966 1517 1039 1562 mo-
1111 1490 1112 1548 l

100 1649 102 1652 .
159 1593 213 1647 tut
227 1580 260 1645 in
274 1588 422 1653 universo
436 1608 607 1675 corporea
626 1587 728 1652 nervis
742 1583 963 1671 produci..An
978 1607 1039 1651 ve·
1112 1582 1113 1644 l

159 1671 262 1735 road
285 1695 408 1740 morum
432 1677 632 1764 requirantur
654 1673 782 1762 spiritus
805 1671 956 1738 animales
988 1693 1042 1740 sert
1113 1673 1114 1748 l

160 1753 477 1844 fluidumnervenm,
493 1763 583 1848 quod
598 1783 655 1850 per
667 1782 782 1828 nervos
796 1757 987 1840 deferatur,
1006 1761 1043 1828 iis
1113 1769 1114 1840 l

159 1843 321 1916 celerrime
337 1851 469 1931 influat,
484 1852 620 1938 illosque
634 1866 781 1938 potenter
795 1848 960 1936 expandat
975 1872 987 1927 ς
1004 1872 1046 1916 an

160 1935 267 2018 potius
282 1939 369 2004 nervi
386 1937 506 2004 obvim
523 1961 609 2006 snam
627 1941 784 2005 elarticam
803 1957 909 2003 morus
931 1958 1044 2006 omnes

151 2039 323 2104 praestare
336 2026 460 2093 valeant
473 2073 482 2107 ,
497 2028 639 2094 nondum
656 2029 727 2093 satit
737 2025 913 2115 probatum
925 2043 989 2090 est.
1002 2025 1045 2094 Id

159 2125 238 2172 vero
253 2114 357 2200 negari
374 2118 503 2202 nequit,
523 2114 591 2183 dari
607 2116 637 2180 in
649 2115 751 2182 nervis
772 2112 907 2180 fluidum
919 2157 931 2192 ‚
945 2115 1040 2202 qnod

157 2215 272 2266 nervos
289 2205 330 2268 ad
347 2206 534 2271 necessarios
558 2221 662 2270 motus
686 2203 888 2292 peragendos
907 2203 1039 2292 irrigat.

158 2283 255 2353 Multi
272 2310 345 2358 sunt
362 2293 413 2358 alii
436 2294 571 2380 liquores
593 2294 624 2357 in
646 2291 782 2357 hnmano
805 2311 971 2378 corpore,
1002 2304 1039 2358 ut

157 2373 280 2457 saliua,
295 2380 403 2470 liquor·
438 2381 665 2460 landularum,
677 2379 864 2469 oesophagi,
875 2377 955 2446 bilis
970 2399 1037 2448 cet.

157 2480 293 2544 quornm
309 2492 373 2556 ope
388 2403 535 2538 alimenta
559 2467 681 2556 facilins
701 2468 895 2556 digeruntur.
912 2453 1036 2534 Torum

157 2567 275 2640 corpus
287 2554 457 2622 humanum
471 2561 585 2646 regitur
599 2555 800 2645 rpidermate
813 2577 866 2622 seu
881 2556 1038 2637 cuticula,

158 2657 301 2722 quaeest
324 2645 503 2712 membrana
523 2647 726 2723 tenuissima,
750 2666 841 2710 sensu
865 2643 1036 2724 destituta,

157 2743 197 2786 tx
212 2732 411 2814 sqnammulis
426 2735 623 2820 composita,
638 2734 776 2818 copiosis
790 2733 882 2797 sulcis
900 2749 932 2796 et
950 2736 1038 2817 poris

157 2810 330 2895 distincta,
355 2840 415 2904 per
431 2842 512 2906 quos
527 2823 625 2888 sudor
646 2820 799 2886 elabitur:
821 2821 949 2884 inservit
974 2842 1035 2886 ve·

154 2905 276 2967 nustati
301 2909 442 2988 corporis
458 2924 490 2972 et
515 2906 701 2974 defensioni.
720 2906 815 2972 Cutis
839 2923 885 2971 est
901 2908 1037 2995 integurr‘
1070 2985 1073 2992 ⁴

154 3005 296 3056 mentum
318 2994 417 3060 totins
437 2996 583 3084 corporis
607 2993 779 3064 admodum
800 3013 968 3074 crastum,
991 3013 1033 3087 eq
