2258 3428
256 233 572 287 sans.1.coctcer.
597 233 674 282 can.
699 231 739 280 11.
875 217 931 306 ἃςΥ

68 319 247 391 se.pntent
270 307 458 394 nullamque
475 304 731 392 independenter
757 297 799 366 ab
824 301 919 370 intel·

73 395 166 460 lectu
184 395 389 461 universalem
402 417 471 462 esse
492 415 613 482 posse,
646 393 848 474 arbitrentur.
878 389 919 460 In

78 481 252 548 universali
287 483 354 548 duo
381 483 570 573 distinguere
607 481 712 548 solent
741 477 920 548 scholastici

82 576 256 636 materiam
285 587 317 636 et
337 569 495 652 sormam.
529 571 693 636 Materiam
725 569 833 635 dicunt
857 595 921 636 na-

81 660 206 724 terami
237 681 327 740 sam,
352 681 434 745 quae
449 660 632 726 universalis
644 659 829 747 appellatur
845 703 855 738 ‚
883 676 920 726 ut

77 765 192 813 natura
210 684 360 812 flumana.
391 747 538 814 Formam
554 765 659 814 autem
683 763 800 812 vocant
820 748 921 836 ipsam

76 837 379 916 universalitatem,
406 838 470 903 sire
481 835 539 916 id,
565 859 634 922 quo
649 854 761 902 natura
777 839 810 900 lit
826 858 922 902 com-

75 927 182 990 munis
201 923 359 1012 pluribus..
387 923 539 1004 Quaestio
567 943 612 992 est
637 926 716 992 inter
738 923 919 992 Tltomistas

29 1041 37 1057 ¹
74 1031 111 1080 et
142 1014 323 1092 Scotistas,
352 1013 436 1079 unde
463 1015 514 1080 illa
549 1007 651 1080 forma
686 1014 850 1098 profluat,
880 1037 922 1080 an

75 1120 201 1166 natura
215 1099 351 1166 humana
362 1124 400 1168 ex
415 1125 470 1182 se,
493 1120 524 1170 et
539 1101 662 1170 nemine
676 1101 835 1192 cogitante
850 1145 860 1179 ,
888 1102 921 1170 in

78 1183 258 1256 individuis
283 1187 395 1256 habeat
420 1190 576 1280 quidquid
603 1189 644 1256 ad
672 1193 823 1254 rationem
848 1191 921 1254 uni-

81 1279 216 1344 versalis
239 1280 432 1366 requiritur,
461 1295 496 1342 ut
522 1277 638 1344 docent
668 1279 851 1355 Scoristae3
881 1301 923 1346 an

78 1366 190 1456 potius
213 1369 408 1456 cogitatione
433 1366 503 1454 ipsa
522 1389 578 1435 seu
599 1369 712 1448 urentis
735 1367 923 1432 abstractio·

80 1478 123 1522 ne
147 1476 261 1522 natura
284 1479 431 1544 quaeque
447 1457 485 1532 sit
508 1457 712 1536 universalis,
739 1459 781 1522 ita
798 1472 832 1520 ut
851 1454 923 1522 sun·

83 1544 271 1610 dementum
288 1545 525 1610 universalitatis
551 1546 587 1608 sit
610 1565 628 1608 a
649 1562 759 1610 natura
784 1543 852 1628 ipsa
874 1567 923 1609 re·

85 1653 157 1696 rum
173 1675 183 1709 ,
212 1629 313 1699 forma
327 1655 403 1700 vero
417 1632 458 1699 ab
471 1632 637 1700 intellectu
650 1678 663 1715 ,
688 1649 723 1699 ut
738 1629 923 1698 Thomistae

90 1719 303 1790 contendunt.

336 1897 679 1972 CONCLVSIO.

87 2075 263 2145 Parturire
298 2095 409 2144 voces
442 2093 489 2142 aa
516 2095 620 2144 muas
652 2097 740 2142 svuu
771 2098 842 2144 vec
870 2099 925 2155 as·

132 2184 170 2227 sn
194 2185 343 2230 nossvrsa
368 2185 407 2230 rra
426 2183 505 2229 tusas
520 2187 726 2234 auutvruvrs
746 2185 926 2234 ovaunaat

133 2272 313 2318 narratu
335 2275 531 2320 couuvuss
555 2273 652 2323 anun
677 2272 807 2320 onnes(
832 2273 927 2320 uarr-

107 2361 189 2426 ¹ars
212 2361 492 2422 oneraverant,
518 2363 591 2408 uon
616 2339 758 2412 ovruusr
778 2361 926 2408 eostre-

128 2449 266 2510 uueu,
294 2449 358 2496 suu
373 2449 530 2497 assavit
546 2447 923 2498 rvuuauuraanurteu.

156 2599 305 2672 Prob.1.
334 2629 418 2694 pars.
444 2605 507 2685 Id,
536 2607 625 2696 quod
643 2607 778 2674 termino
794 2607 926 2674 univer·
990 2615 997 2624 ‘

89 2690 152 2758 sali
175 2693 392 2781 significatur,
426 2715 463 2764 et
493 2697 582 2782 quod
612 2700 741 2763 notione
766 2698 927 2763 communi
964 2711 969 2722 ‘

86 2801 375 2867 repraesentatur,
401 2804 537 2850 nonest
564 2787 739 2872 singulare,
770 2783 825 2850 sed
856 2787 928 2850 uni·
964 2843 975 2858 ,.

86 2871 214 2938 versalc
226 2916 237 2950 ‚
251 2873 341 2961 atqui
357 2871 407 2950 id,
423 2875 513 2960 quod
532 2877 666 2939 termino
677 2872 847 2938 runiversali
861 2875 928 2956 sig·
973 2867 975 2876 ’

87 2959 267 3043 micatus,
300 2977 332 3028 et
366 2965 495 3030 notione
522 2962 682 3044 communi
710 2978 927 3050 repraesenta·
