2264 3420
185 110 231 176 9²
392 129 396 138 .
447 109 634 158 rnsntrva.
658 110 790 174 russos.

183 197 297 243 sensus
313 176 353 242 ad
371 199 474 245 rerum
489 181 698 269 praesentium
712 182 742 243 in
755 175 924 266 singulari
938 198 1077 265 reprae-

183 267 390 331 sentationem
405 266 556 335 refertur:
571 271 762 356 imaginatio
776 287 883 334 autem
900 267 946 330 ad
965 287 1076 330 terum

182 353 361 419 absentium
375 359 692 444 repraesentationem
709 377 763 442 per
776 356 928 443 imagines
946 352 1074 418 confu-
1108 415 1109 439 ,

183 461 232 505 sas
249 441 365 510 ibidem
379 449 411 508 in
427 444 594 534 singulari
598 467 615 522 ,·
628 463 660 510 at
675 441 859 510 intellectus
878 444 921 508 ad
940 463 1073 527 reprae-

182 531 387 597 sentationem
405 531 582 598 distinctam
599 537 772 597 universim
788 529 941 597 refertur.
967 531 1070 594 Atta·

183 641 255 684 men
279 619 459 686 intellectus
480 621 543 686 dici
565 621 645 687 solet
662 639 768 708 purus
783 621 833 684 uel
853 642 922 683 non
944 641 1063 706 pirrus.

184 705 311 774 Dicitur
326 729 441 798 nempe
452 729 581 799 purus,
597 714 628 772 si
640 714 764 774 notione
778 712 844 784 rei,
864 730 975 796 quam
986 728 1063 794 prr·

180 799 284 882 cipit,
308 794 390 862 nihil
409 796 537 871 confusi
553 795 753 863 admiscetur
775 795 925 884 nihilque
949 798 1059 860 obscur·

181 889 224 950 rr'.
241 883 318 948 Non
333 907 432 972 purus
449 887 578 965 dicitur,
600 889 631 950 si
650 888 684 950 itt
703 887 826 949 notione
848 888 902 948 rei
921 883 1051 971 aliquae

177 974 267 1050 siut,
295 994 379 1062 quae
401 973 532 1056 cotffusa
551 991 612 1040 aut
625 991 767 1061 prorsus
789 973 929 1037 obscure
951 972 1052 1060 petri·

104 1077 110 1099 t
174 1062 327 1148 piantur.
343 1061 502 1138 Quoniam
518 1083 594 1127 vere
610 1061 830 1150 perceptiones
848 1057 1012 1124 confusae
1024 1057 1059 1121 ad

182 1169 307 1214 sensnm
323 1165 353 1214 et
367 1149 616 1240 imaginationem
629 1165 795 1236 spectant3
808 1148 997 1214 intellectus
1011 1167 1060 1232 pu-

179 1257 234 1300 tus
258 1255 323 1313 est,
346 1237 370 1298 si
390 1261 406 1301 a
428 1261 518 1303 sensu
541 1257 638 1324 atque
662 1237 883 1323 imaginatione
908 1237 992 1301 liber
1012 1235 1056 1297 sit.

179 1323 262 1388 Heic
287 1345 391 1388 autern
416 1327 521 1393 caveri
548 1326 644 1392 debet
669 1321 837 1390 verborum
862 1324 1054 1413 ambiguitas.

178 1409 266 1476 Dum
289 1412 483 1480 intellectum
501 1437 613 1500 putum
629 1413 782 1491 dicimus,
804 1412 932 1476 nonita
950 1434 1002 1478 res
1017 1426 1057 1475 est

179 1497 398 1592 intelligenda,
421 1506 510 1589 quasi
532 1504 680 1574 exsistant
703 1502 735 1565 in
755 1499 854 1566 anima
874 1502 1058 1588 perceptio-

180 1611 255 1668 nes,
279 1613 360 1676 quae
381 1614 399 1656 a
425 1592 564 1658 sensibus
586 1613 688 1676 neque
712 1588 853 1656 mediate
880 1611 991 1676 neque
1011 1592 1057 1652 iut-

177 1678 319 1763 mediate
344 1679 512 1765 pendeant.
537 1677 648 1766 ltaque
663 1677 746 1743 ideas
764 1699 839 1764 pure
855 1677 1053 1742 intellectua-

180 1766 226 1830 les
238 1764 370 1830 dicimus
384 1787 484 1833 rerum
497 1763 737 1844 illarum'ideas,
753 1787 836 1853 ¹quae
848 1766 974 1830 nullam
989 1787 1057 1829 cunt

180 1854 274 1920 rebus
293 1855 484 1920 sensibilibus
501 1856 618 1922 habent
634 1855 888 1931 similitudinem,
910 1875 1058 1940 quaeque

180 1943 311 2029 proinde
321 1945 385 2009 sine
397 1945 692 2034 imagittecorporea
705 1942 1058 2036 percipipossunt.Ve-

180 2051 248 2094 tum
267 2036 408 2118 quamvis
428 2032 517 2099 ideae
535 2053 615 2121 pure
630 2031 853 2096 intellectuales
871 2031 960 2093 nulla
975 2031 1056 2094 ima·

179 2120 248 2207 gine
260 2141 412 2206 corporea
429 2124 653 2208 repraesentati
667 2118 807 2207 possint3
824 2117 883 2183 hae
897 2135 1007 2182 tamen
1019 2135 1055 2182 ex

180 2207 320 2274 sensibus
336 2209 487 2296 originem
505 2211 638 2276 mediate
655 2207 778 2275 trahere
794 2223 950 2294 possunt:
964 2203 1055 2272 Itali·

180 2317 230 2362 cet
242 2298 362 2364 animae
377 2317 502 2363 nostrae
517 2299 586 2365 idea
600 2298 640 2362 sit
657 2318 734 2382 pute
746 2295 990 2374 intellectualis3
1004 2295 1053 2358 fie-

111 2422 119 2431 ,
148 2387 149 2395 ’
182 2387 212 2451 ri¹
233 2403 337 2451 tamen
358 2403 485 2473 potest,
509 2405 544 2452 ut
561 2389 686 2451 'animae
701 2403 827 2451 nostrae
844 2384 1053 2449 exsistentiam

182 2494 221 2537 ex
238 2475 340 2558 aliqua
357 2477 532 2539 sensatione
549 2475 685 2562 primum
705 2473 896 2537 noverimus.
922 2471 989 2536 Pati
1005 2491 1052 2534 ra·

184 2560 271 2624 tione
285 2563 359 2628 licet
373 2585 451 2649 pure
467 2563 685 2628 intellectualis
700 2561 738 2624 sit
754 2562 820 2626 idea
834 2560 913 2637 Dei,
928 2581 997 2625 eam
1010 2577 1049 2622 ta·

184 2669 256 2712 mett
273 2671 310 2712 ex
329 2672 433 2714 terum
449 2651 638 2716 sensibilium
653 2649 922 2733 contemplatione
937 2646 1050 2711 haurire

183 2756 363 2820 possumus.
382 2735 494 2823 ltaque
509 2739 590 2803 ideas
608 2761 687 2826 pure
699 2735 927 2802 intellectuales
939 2757 980 2801 etr
990 2756 1052 2800 seu·

186 2821 273 2884 sibus
302 2823 453 2908 originem
479 2826 612 2890 mediate
638 2823 773 2902 habete,
796 2844 859 2887 nott
887 2839 1049 2912 repugnat3

90 2907 91 2910 ’
183 2909 271 2994 quod
289 2910 415 2994 quidem
432 2913 533 2996 probe
547 2911 779 2977 observandum
793 2925 851 2976 est.
870 2909 962 2975 Haec
980 2912 1051 2975 euim

191 2997 350 3081 tkuaestio:
376 3013 486 3064 utrum
508 2997 605 3064 ideae
618 3019 725 3066 omues
739 3025 761 3064 a
775 3001 921 3064 sensibus
939 2997 1054 3063 saltent
