2326 3438
220 151 261 199 tn
458 151 643 202 ausurum.
666 153 798 204 amcos.
923 194 926 202 .
995 215 997 220 ι

215 219 339 312 possint
365 222 476 290 saltem
502 245 561 312 per
587 224 887 290 demonstrationem
906 222 1061 291 indirec-·

215 329 304 388 tam,
333 330 365 378 et
391 312 483 402 quod
508 331 623 402 negato
649 312 704 378 iilo
729 313 909 403 principio,
940 329 1060 382 cetera

218 398 310 478 simui
331 400 402 466 tolli
425 423 550 470 necesse
572 402 623 467 sit.
981 421 984 430 ¹
1147 429 1148 498 p

252 555 255 562 ,
281 487 433 568 Quamvis
458 511 497 556 ex
519 488 672 556 hactenus
695 489 793 557 dictis
810 485 898 556 facile
918 488 1060 577 intelligi
1147 531 1148 540 η

216 577 320 670 possit
342 579 533 666 quaestionis
558 598 680 657 status,
703 600 769 646 rem
791 593 894 644 tamen
910 579 1063 643 ameta-

200 663 358 753 ,physicis
385 668 487 732 acrius
515 668 707 756 disputatam
729 669 761 732 in
790 668 909 733 meliori
935 665 1062 730 lumine

215 754 394 834 collocare,
413 777 477 820 non
498 755 555 822 abs
579 778 612 822 re
632 758 700 822 erit.
722 754 846 842 Itaque·
859 754 1056 842 principium
1144 679 1148 844 i

216 844 476 918 contradictionis
502 847 533 910 in
555 867 594 912 eo
616 866 707 910 sensu
731 845 837 909 vocari
860 866 923 909 non
952 841 1053 908 debet

217 934 357 1002 omnium
385 937 540 1022 primum,
564 934 650 1020 quasi
678 935 715 998 sit
741 933 840 996 omnis
863 930 1054 1021 cognitionis
1148 964 1149 1031 i

217 1019 290 1088 ions
319 1039 351 1088 et
378 1026 478 1108 origo.
504 1023 642 1090 Rectum
668 1021 762 1086 huius
788 1021 932 1108 principii
956 1039 1055 1084 usum
1148 1033 1149 1096 i

113 1125 116 1132 ⁴
218 1110 397 1196 explicabo.
422 1109 473 1176 Ex
495 1111 561 1191 his,
584 1132 665 1198 quae
682 1111 766 1176 dicta
788 1125 862 1174 sunt
884 1111 915 1173 in
936 1108 1060 1196 logica,

130 1198 137 1208 '
218 1183 307 1276 facile
322 1217 433 1286 patet,
454 1218 605 1286 quattuor
622 1200 771 1287 distingui
787 1219 880 1286 posse
895 1197 1062 1286 cognitio·
1148 1199 1149 1280 ζ

217 1305 294 1372 pum
323 1308 455 1375 genera..
476 1289 577 1354 Prima
604 1289 743 1377 cognitio
767 1285 885 1352 dicitur
917 1287 1060 1350 intuiti·
1148 1287 1149 1314 i

218 1395 287 1453 oa,
310 1395 342 1442 et
362 1377 445 1444 circa
472 1377 702 1445 evidentissima
723 1375 881 1440 axiomata
898 1391 1059 1458 uersatur.

218 1463 362 1544 Secunda
384 1483 517 1532 vocatur
536 1466 816 1542 demonstrativa,
839 1485 938 1549 eaque
954 1463 1063 1526 ratio-

218 1553 355 1618 cinando
387 1555 519 1631 elicitur,
541 1577 582 1622 ex
613 1553 676 1618 aliis
702 1551 972 1640 propositionibus
1004 1550 1060 1616 vei
1147 1609 1149 1634 ὲ

172 1677 177 1681 -
219 1640 414 1708 evidentibus
431 1645 481 1710 vei
507 1644 743 1710 demonstratis.
767 1639 877 1711 Tertia
901 1639 960 1708 dici
981 1657 1062 1725 pot·

220 1745 268 1814 est
300 1729 462 1810 sensualis
494 1733 657 1820 cognitio,
683 1751 766 1819 quae
790 1750 829 1796 ex
857 1750 957 1795 rerum
985 1729 1064 1792 sin·

220 1818 374 1902 gulariurn
417 1819 581 1886 existentia
621 1841 675 1906 per
718 1838 825 1884 sensus
873 1815 1066 1903 acquiritur.

221 1904 345 1982 Quarta
361 1907 488 1974 tandem
504 1924 610 1997 potest
633 1907 783 1996 appellari
802 1905 941 1994 cognitio
956 1909 1067 1969 testi-

217 1993 395 2071 monialis,
424 2018 505 2082 quae
534 1994 624 2062 factis
657 1995 843 2060 indubitatis
873 2012 969 2080 atque
995 2013 1066 2055 au·

219 2081 368 2154 theuticis
392 2085 510 2150 nititur.
540 2085 638 2150 Porro
661 2085 863 2148 certissimum
892 2099 963 2159 est,
991 2082 1066 2148 sine

219 2171 376 2257 principio
394 2173 651 2240 contradictionis
673 2170 783 2238 haberi
799 2191 891 2259 posse
908 2169 1067 2255 praedic·

219 2275 252 2324 ta
274 2262 490 2350 cognitionum
513 2283 647 2350 genera,
677 2260 740 2324 hoc
768 2278 838 2336 est,
867 2257 1068 2346 principium

219 2350 479 2418 contradictionis
505 2372 569 2414 non
594 2371 661 2416 esse
676 2349 883 2414 necessariam
900 2346 1068 2435 cognitio·

165 2469 166 2474 ¹
220 2461 297 2506 num
317 2438 438 2504 iliarum
457 2438 619 2528 originem.
643 2435 684 2502 Et
704 2436 833 2522 quidem
854 2434 944 2522 quod
957 2456 1065 2521 spec·-

221 2545 269 2592 tat
298 2527 338 2589 ad
371 2527 586 2615 cognitionem
614 2525 823 2603 intuitivam,
857 2523 945 2587 nulla
977 2543 1066 2608 pro-

222 2613 350 2694 batione
387 2613 528 2702 indigent
564 2615 747 2691 axiomata,
778 2630 809 2678 et
840 2611 896 2695 qui
933 2611 1065 2676 axioma

224 2701 355 2784 aliquod
370 2704 571 2787 pertinaciter
589 2723 701 2789 negare
714 2722 778 2764 non
793 2697 942 2776 dubitat,
959 2699 1068 2782 ipsum

225 2810 356 2878 quoque
369 2791 624 2856 contradictionis
636 2787 829 2873 principium
843 2786 953 2852 eadem
972 2784 1070 2850 fron-

225 2896 258 2956 te
272 2897 383 2966 negate
400 2879 543 2948 audebit.
555 2877 722 2945 Piaeterea
734 2873 976 2951 innumerabiles
991 2893 1070 2944 sunt
1149 2881 1150 2886 ’
