2270 3416
7 2545 8 2590 r

7 2593 9 2676 l

133 135 198 184 aot
406 134 590 200 mansur.
614 134 743 182 tarsos.
794 155 854 164 ...

132 223 209 271 vans
221 201 399 293 immediate
418 208 593 293 potentiam
619 226 789 295 agentem,
816 204 997 272 mediante
1011 227 1067 272 ea·

133 293 207 360 dem
222 295 369 381 potentia
382 295 529 364 eumdem
546 293 694 362 effectum
714 294 866 381 producit
883 315 951 372 ‚ac
973 317 1068 380 pro-,

131 381 207 448 inde
237 403 301 464 nou
330 385 436 448 adlicit
458 405 566 450 actum
592 385 648 448 nisi
673 383 822 450 mediate.
848 384 1059 448 Concursus

131 469 342 538 immediatus
363 492 411 538 est
427 500 436 539 r
450 478 538 548 acrio
566 471 633 540 Dei
653 477 760 559 ipsunt
774 487 891 536 actum
905 489 1057 538 creatu·

130 581 190 626 rae
218 569 467 636 cum'creatura
486 560 710 648 producentis.
734 558 950 626 Immediatus
964 561 1049 626 dici·

131 663 187 712 tur
202 650 232 728 ,λ
243 647 319 736 quia
344 651 429 714 cadit
454 651 633 717 immediate
656 649 689 714 in
720 671 826 714 actum
843 650 967 737 ⁸ipsum
996 651 1049 728 ita,

133 755 172 804 tit
194 737 325 806 effectus
343 740 379 803 sit
404 761 423 803 a
452 738 525 806 Deo
551 761 582 806 et
596 755 742 802 creatura
757 739 848 804 simul
862 737 1045 827 agentibus.

134 825 239 896 Vnde
263 826 356 894 etiam
383 826 497 894 dicitur
520 827 753 894 simulraueus.

179 911 227 978 II.
270 914 383 1000 Aliqui
420 919 563 996 volunt,
590 938 699 981 omnes
727 935 760 982 et
787 916 931 1004 singulos
961 931 1045 981 actus

134 1020 298 1072 creaturae
317 1005 434 1072 liberos
450 1009 543 1072 etlam
557 1005 677 1070 ordinis
696 1005 842 1070 naturalis
858 1006 927 1070 sive
944 1004 1042 1068 bonos

136 1091 204 1159 sive
223 1095 323 1163 malos
347 1094 486 1180 pendete
510 1118 528 1159 a
548 1095 644 1174 Deo,
670 1114 740 1158 tum
766 1117 823 1180 per
850 1093 1050 1181 singularem

160 1185 385 1249 raemotionem
397 1231 410 1263 ,
424 1203 492 1248 tum
519 1206 574 1266 pet
598 1204 792 1248 concursum
807 1181 1046 1258 simultaneurrt.

135 1201 270 1342 h'oluut
295 1273 345 1336 alii
360 1319 370 1352 ‚
383 1291 472 1344 actus
487 1272 604 1338 liberos
626 1272 659 1334 in
679 1272 792 1336 ordine
814 1273 954 1334 naturali
969 1291 1043 1357 peu·

136 1359 213 1426 dere
235 1377 360 1427 tantum
382 1383 400 1425 a
426 1362 501 1437 Deo
520 1384 576 1446 pet
598 1381 791 1424 concursum
806 1361 1044 1426 sitnultaneuur.

134 1445 293 1517 Nonnulli
325 1467 400 1516 cum
431 1450 587 1515 Durando
619 1451 724 1513 solum
754 1447 815 1512 Dei
847 1469 1051 1512 concursum

134 1539 306 1605 mediatum
329 1541 370 1606 ad
392 1559 481 1605 actus
504 1539 617 1604 liberos
640 1536 801 1624 quoslibet
819 1557 1044 1611 creaturarum

135 1627 308 1697 admittunt
318 1673 336 1710 ,Ι
361 1630 556 1716 voluntque,
580 1628 687 1692 Deum
711 1647 774 1690 non
801 1626 892 1690 aliter
918 1625 963 1690 ad
992 1645 1046 1692 eos

135 1738 345 1795 concurrere,
360 1739 455 1806 quam
472 1715 609 1782 creando
626 1732 655 1780 et
668 1714 891 1780 conservando
908 1714 978 1798 vim
996 1735 1048 1780 ac·
1126 1727 1127 1738 ¹

136 1807 233 1872 tivam
258 1808 410 1872 creaturis
434 1805 532 1872 libere
551 1825 735 1869 concessam
755 1803 818 1881 ita,
850 1823 905 1881 ut,
930 1803 997 1868 ista
1019 1803 1051 1870 vi

137 1896 244 1966 activa
264 1895 361 1962 semel
387 1895 524 1960 donatae
540 1910 722 1970 creaturae,
739 1913 803 1954 non
820 1891 985 1979 indigeant
1002 1894 1050 1958 ul·

138 1987 243 2052 teriori
270 1987 394 2050 actione
410 1983 487 2062 Dei,
504 2003 585 2069 quae
599 2003 709 2046 eorum
728 1977 857 2045 effectus
876 1981 1050 2046 immedia-

139 2089 171 2139 te
185 2074 331 2161 attingat.
346 2073 436 2138 Haec
450 2071 578 2159 opinio,
594 2069 617 2133 si
633 2069 674 2134 ad
689 2086 780 2134 actus
797 2071 957 2134 naturales
976 2091 1045 2134 res·

110 2204 113 2212 =
139 2159 312 2252 tringatur,
340 2162 484 2248 quamtis
504 2160 614 2226 rationi
637 2159 794 2224 humanae
811 2159 884 2222 satis
902 2179 1049 2226 consona

139 2251 285 2326 videatur
293 2299 304 2330 ,
329 2269 392 2316 eta
419 2249 526 2316 multis
553 2243 792 2312 difficultatibus
818 2244 912 2312 facile
934 2247 1043 2324 libera,

48 2401 53 2410 .
139 2361 262 2494 paucos
282 2359 387 2408 tamen
402 2339 515 2406 habuit
529 2355 714 2404 sectatores.
728 2335 793 2398 Alii
812 2336 895 2400 enirn
913 2356 1042 2400 numero

155 2431 370 2516 requenriores
400 2446 431 2496 et
463 2423 648 2514 philosophi
676 2441 709 2490 et
739 2421 880 2512 theologi
918 2424 1048 2504 solunt,

131 2518 306 2602 ‘specialem
328 2539 396 2586 esse
416 2517 478 2584 Dei
498 2515 676 2592 actionem,
695 2532 778 2598 quae
797 2511 976 2578 immediate
1000 2531 1049 2578 at·

141 2605 242 2693 tingat
268 2607 396 2674 effectus
416 2623 651 2682 creaturarum,
673 2619 703 2668 et
721 2619 912 2666 concursum
938 2602 1047 2670 imme·

140 2693 281 2770 dietum,
309 2695 437 2781 qualem
465 2693 609 2782 superius
637 2689 887 2778 explicavimus,
925 2687 1049 2755 admit‘·

142 2797 224 2845 tunt.
254 2781 335 2848 Heic
362 2800 468 2848 autern
496 2801 674 2850 sermonem
703 2775 854 2842 habemus
878 2777 1045 2846 dumtaxat

142 2868 182 2933 de
197 2869 320 2934 actibus
337 2869 440 2934 liberis
453 2870 485 2934 in
499 2869 612 2934 ordine
628 2866 780 2944 naturali,
797 2867 837 2934 ad
852 2887 934 2954 quos
950 2867 1048 2934 eden·

143 2955 203 3018 dos
217 2954 330 3021 suflicit
348 2959 495 3021 naturalis
512 2956 647 3022 facultas
664 2955 753 3018 nobis
771 2955 801 3018 in
817 2953 977 3022 creatione
992 2957 1048 3020 da·
1126 2977 1127 3040 l

214 3058 248 3108 ut
264 3044 305 3112 ad
324 3044 543 3134 scribendum,
562 3041 834 3114 deambulandum
853 3061 914 3110 cet.
944 3041 1047 3124 Quod
1126 3043 1127 3066 ¹
