2326 3438
16 258 20 276 ,
96 259 97 262 ,
266 211 350 260 rans
375 211 404 258 ι.
430 208 590 259 sensnm.
612 211 688 262 ost.
715 213 746 259 t.
903 210 921 282 7

16 289 20 367 l
76 282 141 348 lius
169 295 327 370 potestate
350 279 474 354 minime
498 284 536 348 sit
557 279 718 362 iudicare,
742 278 831 370 qnod
858 280 924 345 ali-.

15 377 20 418 ἲ·
79 370 161 454 qnid
186 370 223 437 sit
248 368 338 442 simul
369 390 400 436 et
426 391 491 444 non
525 369 587 447 sit,
615 371 699 454 idem
732 369 921 458 principium

84 461 187 522 statim
218 481 254 524 ac
282 457 484 546 intelligitur,
513 455 553 522 ab
575 459 724 529 omnibus
751 459 818 526 sine
841 479 922 546 pto-

83 545 214 614 batione
241 566 404 636 tamquam
429 545 635 618 certissimum
661 547 851 619 admittitur.
879 566 922 612 ιι.

82 635 207 704 Deinde
235 653 281 702 est
310 635 434 702 axioma
460 634 759 711 universalissimum
792 658 832 708 ex
858 657 922 700 no·

82 723 223 788 tionibus
252 723 389 798 maxime
423 722 585 794 abstractis
612 721 803 802 formatum,
833 723 922 812 quod

81 811 233 886 omnibus
254 813 421 886 contenire
444 827 574 898 potest,
598 835 681 906 quae
701 829 776 878 sunt
794 813 843 878 vel
868 833 921 877 es-

82 919 115 965 se
132 919 279 986 possunt.
292 919 353 972 ιιι.
369 899 531 974 Praeterea
546 899 672 972 axioma
686 900 764 971 illud
782 923 838 986 per
853 900 924 964 nul·

84 986 152 1051 lum
185 985 425 1076 aliudptobari
448 1007 582 1076 potest;
617 1011 688 1070 nam
721 990 745 1054 si
777 1009 922 1076 negetur,

86 1078 213 1148 corruit
236 1077 335 1146 omnis
362 1076 516 1148 humanae
541 1078 730 1166 cognitionis
752 1077 923 1149 certitudo.

88 1161 134 1228 Et
164 1164 289 1252 quidem
312 1167 483 1253 fingamus,
514 1165 596 1239 idem
620 1188 715 1258 posse
740 1185 809 1230 esse
833 1164 926 1231 simul

87 1269 122 1316 et
142 1275 206 1322 non
226 1273 311 1320 esset
335 1275 412 1344 ergo
436 1255 513 1320 dum
534 1253 655 1342 cogitas
682 1275 737 1322 seu
761 1255 806 1322 tui
829 1253 925 1346 ipsius

14 1349 15 1352 ’
90 1338 147 1406 tibi
178 1343 321 1410 conscius
350 1363 400 1419 es,
429 1341 491 1418 lieri
525 1359 654 1430 potest,
679 1359 716 1418 ut
745 1349 808 1410 non
832 1344 925 1432 cogi-

88 1443 136 1496 tes
159 1451 214 1495 seu
241 1429 298 1499 tibi
327 1433 472 1497 conscius
496 1453 559 1500 noo
588 1432 627 1494 sis
653 1432 698 1496 tui
723 1431 833 1517 ipsius.
860 1432 926 1497 Pe-

89 1517 129 1580 tit
145 1520 229 1592 adeo
251 1517 412 1590 certitudo
436 1521 682 1606 propositionis,
703 1539 786 1610 qnae
806 1517 924 1584 Carte-

88 1605 133 1672 tio
167 1609 209 1674 de
237 1607 330 1682 rebus
360 1606 504 1676 omnibus
533 1603 692 1687 dubitanti
714 1615 830 1680 ‘tantae
855 1606 926 1672 evi-

90 1691 215 1769 dentiae
250 1696 316 1764 visa
346 1714 420 1773 est,
457 1712 493 1760 ut
523 1718 591 1763 eam
620 1692 722 1768 omnis
749 1693 925 1770 evidentiae

91 1801 233 1850 normam
262 1783 471 1858 constituerit.
503 1782 646 1851 Similiter
676 1782 810 1853 aliorum
838 1803 927 1870 quo·

92 1873 240 1938 numlibet
282 1872 474 1946 axiomatutn
517 1871 676 1944 certitudo
718 1871 852 1937 tollitur.
896 1869 927 1935 Si

91 1961 174 2026 enim
203 1960 420 2038 concesseris,
448 1957 531 2031 ident
557 1981 653 2051 posse
678 1958 770 2033 simul
799 1981 865 2026 esse
895 1975 928 2026 et

92 2068 155 2114 non
181 2069 272 2129 esse,
307 2049 391 2117 idem
420 2049 634 2134 praedicatum
662 2047 766 2120 eidem
799 2048 930 2114 subiec-

94 2149 129 2198 to
157 2139 327 2212 convenire
355 2138 473 2224 poterit
507 2155 538 2202 et
570 2157 633 2206 non
666 2135 862 2215 convenite3
891 2158 929 2202 ac

94 2226 229 2308 proinde
264 2224 570 2311 omnispropositio
601 2245 675 2293 vera
711 2245 776 2289 esse
810 2225 929 2311 poterit

72 2331 128 2378 vet
161 2312 237 2385 falsa
269 2311 385 2393 timuit
413 2311 551 2399 ideoque
579 2310 712 2382 incerta.
750 2309 791 2375 Et
824 2311 962 2410 nullusq

96 2398 357 2473 demonstrationi
383 2400 473 2466 locus
506 2399 724 2490 relinquetur,
750 2419 849 2483 quum
874 2399 931 2464 de·

98 2491 280 2562 monstratio
297 2511 336 2563 ex
354 2488 513 2576 principiis
529 2491 620 2561 cettis
637 2489 703 2554 lieri
727 2487 855 2552 debeat.
871 2487 931 2549 Et·

98 2595 138 2663 go
154 2579 337 2664 principium
354 2576 615 2650 contradictionis
633 2599 690 2664 pet
707 2577 829 2640 nullum
844 2575 931 2643 aliud

100 2666 222 2730 axioma
247 2665 451 2735 demonstrari
478 2681 593 2752 potest.
626 2685 682 2729 tv.
706 2665 850 2731 Tandem
877 2687 933 2754 ρει

100 2751 180 2819 idem
206 2756 390 2840 principium
420 2769 526 2821 cetera
560 2752 768 2819 demonstrari
797 2771 932 2841 possunt

101 2844 267 2908 axiomata.
299 2845 328 2906 Si
362 2844 433 2929 quis
460 2843 540 2906 enim
572 2840 773 2930 pertinaciter
801 2843 933 2929 aliquod

57 2993 62 3004 ,
99 2931 224 2998 axioma
254 2930 436 3021 negaverit,
464 2929 543 2996 illud
570 2951 627 3018 pet
655 2929 870 2997 reductionem
895 2931 936 2996 ad
