2246 3412
544 39 566 123 <

265 159 351 212 rans
375 162 405 211 tr
421 124 579 214 usrnrtr'.
605 159 760 214 onte-rr·
903 161 965 234 ²¹3

55 226 142 297 lum
156 228 267 310 sedet,
278 232 374 300 habet
389 240 561 320 potentiam
578 233 682 300 standi
695 234 726 300 iu
745 250 834 297 somn
851 228 966 298 diviso.

54 320 193 385 Revera
219 321 411 408 impossibiie
437 343 507 404 est,
534 341 570 389 ut
597 324 694 390 homo
723 333 779 408 pe‘r
798 321 967 409 physicam

55 410 314 495 praemorionem
341 413 381 480 ad
405 415 562 502 agendum
584 411 811 478 determinatus
835 429 898 472 troo
928 412 969 473 stt

56 495 290 564 determinatus
310 502 339 564 in
360 523 451 566 sensu
472 503 663 589 composito.
685 499 863 563 Praemotio
882 498 969 562 enim·

55 585 203 674 physica
227 605 332 652 actum
355 590 476 674 ipsum,
498 607 529 658 et
553 591 650 677 ipsam
672 585 967 653 determinationem

56 675 167 762 ponit.
200 675 305 744 Vnde
339 697 494 768 repugnat
526 698 561 743 ut
587 677 804 744 determinatio
828 689 968 762 portatur

57 761 161 826 simui
188 779 223 828 et
239 783 305 827 nou
321 765 359 828 sit
374 790 383 843 ;
400 768 455 833 sed
471 784 575 832 tamen
593 783 731 832 remanet
752 783 876 854 semper
899 785 966 852 po·-

8 885 9 892 r
61 853 263 918 sentiamus
297 854 408 942 agendi
437 857 590 932 insensu
620 853 732 919 diviso.

8 991 9 1018 p
134 939 265 1006 Verum
286 939 364 1008 haec
388 946 550 1032 responsio
575 941 670 1008 futilis
691 959 724 1026 et
744 961 864 1006 merum
884 938 966 1006 effn-

8 1033 10 1100 ς
55 1025 155 1115 wgium
183 1027 308 1094 videtur
326 1029 546 1098 thomistarum
568 1030 759 1098 adversariis.
786 1029 893 1105 Nam,
917 1031 966 1093 in·

62 1113 206 1202 quiunt,
220 1140 230 1204 ξ
243 1117 320 1205 qnid
333 1119 420 1186 aliud
436 1119 513 1188 haec
530 1117 794 1210 responsiociare
809 1117 965 1206 significa·

8 1275 9 1282 ἵ
61 1224 101 1269 re
121 1222 245 1290 potest,
268 1207 323 1271 nisi
342 1207 501 1276 hominem
518 1209 575 1276 sub
592 1207 809 1296 praemorione
826 1206 965 1295 physico

60 1311 133 1356 non
149 1299 244 1378 posse
259 1317 293 1362 re
308 1319 382 1362 vera
397 1318 506 1384 agete;
531 1299 582 1364 sei
601 1301 728 1362 tantum
750 1294 777 1360 ei
801 1315 965 1362 remanere

54 1384 246 1471 ,potentiam
260 1383 302 1449 ad
316 1405 379 1449 non
397 1388 573 1476 agendum,
589 1387 613 1450 si
630 1384 758 1450 tollatur
774 1383 963 1470 praenotio,

63 1472 341 1558 quemadmodum
369 1473 466 1541 homo
493 1474 842 1558 vinculis::coosrrictns
867 1471 965 1538 habet

8 1603 10 1644 3
62 1562 246 1647 potentiam
276 1563 441 1644 currendi,
469 1567 593 1652 posito,
620 1559 711 1652 qnod
735 1561 762 1625 ei
785 1559 964 1624 eximantur

9 1715 11 1728 ,
62 1647 216 1716 sinenda?
237 1652 315 1736 sAn
337 1673 415 1717 veto
445 1653 550 1733 dices,
576 1651 735 1716 hominem
757 1649 965 1714 constrictum

9 1761 10 1766 ¹
64 1735 217 1818 vinculis,
245 1737 359 1824 quibus
375 1761 408 1806 se
423 1743 571 1830 expedire
588 1740 697 1828 nequit
711 1739 743 1802 in
757 1757 850 1802 sensu
868 1758 964 1802 com·

65 1825 195 1912 posito,
219 1827 364 1914 quamvis
382 1828 415 1895 id
432 1832 529 1916 possit
542 1833 572 1895 in
587 1849 685 1896 sensu.
695 1827 815 1902 diviso,
832 1825 964 1892 liberum

8 1961 10 1998 ,
61 1913 189 1980 ‹essead
201 1916 410 1997 currendum,
423 1920 497 2004 quia
510 1919 634 1984 vincula
651 1917 737 1982 iilum
752 1935 816 1979 non
833 1915 960 2000 privant

61 1999 206 2088 ,pedibus
231 2026 271 2070 ex
287 2007 317 2068 vi
332 2008 462 2072 naturali
485 2007 654 2074 currendi?
674 2003 713 2070 ln
736 2003 848 2070 eodem
869 2021 963 2070 sensu
1036 2019 1040 2026 '

57 2111 128 2157 nec
140 2093 204 2173 ipsa
220 2092 319 2179 gratia
333 2099 524 2163 necessitatis
539 2120 557 2161 a
570 2097 705 2162 Calvino
717 2093 851 2159 admissa
867 2092 963 2159 tolie-

8 2237 9 2246 ,
66 2196 119 2244 ret
133 2178 320 2248 iibertatem.
337 2184 421 2249 Tum
435 2188 516 2252 enim
530 2208 603 2252 vere
619 2185 775 2250 diceretur
786 2227 795 2258 ,
807 2184 962 2246 voluntas

60 2280 134 2334 'tere
148 2289 240 2354 posse
256 2269 413 2339 abstinere
427 2273 551 2339 abacto
569 2277 599 2339 in
616 2269 825 2338 senssdiviso
842 2270 962 2355 grat-iae
1038 2338 1041 2347 ,

69 2357 284 2423 necessitantis
296 2383 306 2438 3
320 2367 396 2450 eigo
410 2383 506 2450 quum
522 2362 552 2425 in
568 2383 666 2427 senso
675 2358 857 2447 composito
876 2377 962 2441 prae

33 2479 35 2482 ·
68 2445 203 2512 motioni
219 2446 371 2537 physicae
388 2468 562 2539 repugnet,
586 2449 744 2516 hominem
766 2465 828 2510 nott
854 2466 959 2533 ageret

8 2581 9 2584 η
71 2532 157 2596 nulla
171 2555 309 2603 remanet
325 2537 460 2604 libertas.
476 2541 575 2619 Quod
590 2538 629 2604 ad
643 2539 810 2628 paritatem
829 2531 968 2602 hominis

8 2667 10 2706 ξ
62 2621 209 2712 ,sedentis
227 2629 397 2692 necessario
420 2629 565 2694 insensu
588 2625 786 2714 composito,
811 2644 878 2688 eam
901 2645 961 2688 ne-

8 2761 9 2798 p
67 2710 275 2802 ·gant;'qnod
297 2718 328 2779 in
348 2715 472 2782 homine
494 2717 625 2783 sedente
643 2714 810 2786 necessitas
831 2711 962 2778 sedendi

8 2847 10 2888 p
73 2801 113 2866 sit
135 2817 256 2866 tantum
276 2825 491 2893 consequens,
516 2808 588 2896 qnia
605 2798 805 2890 subsequitur
832 2799 962 2866 liberam

8 2969 9 2974 ἵ
66 2889 256 2954 molummis
270 2891 581 2972 determinationem,
599 2911 631 2959 et
643 2896 742 2958 oritur
754 2888 794 2954 ab
808 2891 879 2975 ipso
895 2909 961 2951 vo·-

8 3029 9 3050 r
77 2977 203 3043 luntatis
217 2997 247 3044 et
265 2979 414 3048 libertatis
427 2987 585 3048 exercitio.
598 2984 722 3048 Contra
733 2999 807 3044 vero
822 2975 961 3041 necessis-

8 3057 9 3128 j
65 3081 129 3134 *tas
145 3067 413 3161 agendirespectn
426 3073 615 3154 uoluntatis,
631 3091 711 3162 quae
723 3063 854 3159 physice
868 3083 961 3152 prse-
