2326 3438
265 155 350 209 rsus
375 153 431 208 tv.
455 137 628 229 rectori.
652 147 732 221 osi,
752 159 783 210 ι.
818 208 821 214 ,
889 140 955 234 269'

101 223 173 298 ota
209 227 380 320 intelligere
410 243 452 296 'a'c
486 249 625 309 teneres
657 232 694 296 is¹
717 229 757 296 ab
793 227 956 300 elementis

107 315 346 386 mathematicis
362 319 540 394 studiorum
556 321 675 386 initium
692 317 955 402 facetedeberets

149 402 229 472 ΔΙΙΙ.
275 407 336 474 Sed
362 430 446 497 pqua
470 410 592 476 rarione
611 410 667 496 qui
687 408 839 496 scientiae
859 410 956 477 alicui

111 509 293 588 numquam
309 497 456 576 studuit,
479 497 561 564 iliius
577 498 716 586 optimos
730 515 875 564 auctores
892 500 958 567 eii·

112 583 193 672 get?
219 581 260 648 Id
274 585 393 672 poterit
406 584 510 655 facete
524 631 534 665 ,
565 605 595 653 1.
622 587 646 650 si
660 585 745 652 viros
761 581 904 654 eruditos
915 610 957 670 ac,

113 669 188 736 sani
203 673 354 754 consilii,
383 674 439 763 qui
458 674 533 740 huic
555 675 701 760 scientiae
726 691 874 764 accurate
899 678 956 741 in-

94 757 318 842 ‘cubuetiut,
346 763 490 830 consulat
514 779 546 829 et
576 783 687 830 eorum
708 764 835 830 monitis
862 763 957 833 obse-
1004 803 1006 810 1

110 867 261 934 quatum
289 869 337 916 rr.
356 850 393 915 ‘si
417 871 481 917 uon
499 850 578 918 adsit
601 853 669 916 talis
685 852 862 918 studiorum
879 875 956 930 rec-q

114 949 175 1000 tor
200 957 238 1002 ac
265 938 470 1021 moderator,
499 959 667 1028 possumus
686 940 853 1007 consulere
874 947 957 1009 auo-'³

5 1033 7 1036 ’
113 1038 206 1089 tores
231 1029 413 1114 praesertim
443 1028 660 1108 recentiores,
690 1028 747 1117 qui
774 1029 815 1095 de
839 1029 958 1098 'eadent'

119 1110 253 1178 seientia
276 1117 451 1204 scripsere,
481 1133 535 1182 aur
560 1119 614 1204 qui
642 1116 956 1189 auctores'div'ersos
1000 1185 1002 1191 ,

116 1195 215 1266 ouius
230 1203 375 1272 scientiae
398 1217 587 1286 recensent,
614 1221 647 1272 et
662 1205 703 1274 de
722 1205 956 1276 illis'iudiciutti
993 1253 997 1264 ι

118 1305 214 1356 suttur
242 1287 376 1372 serunt3
404 1295 457 1360 vel
485 1294 578 1361 etiarn
602 1289 876 1362 hunc'deieittuut
901 1292 957 1363 fa⁴

116 1397 191 1444 cete
216 1377 343 1461 iicebit,
369 1381 393 1446 si
414 1385 537 1472 legatur
561 1379 716 1469 praefatio
742 1383 814 1448 libri
841 1383 956 1472 ipsius,
997 1413 999 1416 ·

118 1463 153 1530 in
181 1485 245 1556 qua
274 1491 392 1559 scopus
424 1486 457 1538 et
485 1469 655 1539 methodus
690 1471 827 1535 auctoris
855 1474 956 1560 vulgo

120 1557 238 1638 exponi
264 1559 394 1640 solent3
421 1558 473 1626 vel
506 1559 634 1626 tandem
669 1557 805 1645 legendo
834 1559 960 1647 aliquas
997 1623 999 1627 ,

120 1640 191 1707 libri
210 1647 370 1734 paginas,
401 1648 467 1714 sive
485 1665 592 1712 totum
615 1645 727 1714 librum
751 1645 863 1734 rapide
878 1667 958 1734 per-

120 1733 290 1800 currendo.
320 1732 389 1800 lant
416 1736 537 1803 selecto
568 1751 727 1817 auctore,
757 1733 790 1799 in
817 1733 958 1823 legendo

119 1817 179 1887 hae
206 1823 323 1888 servari
349 1822 629 1914 debenttcgulae.

126 1942 135 1952 -
164 1907 193 1974 t.
240 1909 375 1978 Librum
393 1935 433 1978 eo
455 1913 516 1980 iine
541 1913 695 2001 legimus,
721 1928 759 1978 ut
780 1911 881 1998 ipsum
903 1913 957 1980 in-

121 1998 322 2087 telligamus,
353 2015 384 2066 et
405 1998 541 2067 fructum
558 2003 694 2087 aliquem
711 2021 750 2066 ex
773 2001 868 2085 ipsius
885 2001 958 2068 lec-

120 2085 207 2153 tione
223 2085 403 2154 re'ferantus.
430 2089 641 2178 Quapropter
655 2109 715 2153 nec
730 2089 867 2176 rapide,
897 2111 957 2157 nes

122 2175 314 2256 oscitanter,
341 2197 415 2242 cum
439 2177 556 2244 affectu
580 2177 611 2240 in
637 2191 803 2242 auctorent
825 2197 958 2263 praeoc-

120 2280 242 2352 cupato
269 2265 374 2353 legere
399 2281 537 2354 oportet.
566 2264 632 2344 Qui
661 2264 742 2329 enim
772 2285 837 2327 non
858 2263 957 2332 libros

122 2351 150 2417 ie
174 2373 253 2432 ete,
282 2353 339 2420 sed
359 2357 467 2441 potius
490 2352 710 2420 avidevorure
731 2349 908 2434 videntur,
936 2354 958 2420 ii

124 2373 400 2516 niirssdistinctutn,
412 2489 421 2522 ,
434 2487 436 2492 -
447 2439 522 2508 nihil
539 2442 683 2520 clarum,
707 2437 783 2504 nihil
801 2438 972 2530 digestum·

122 2548 231 2596 tnente
257 2529 387 2596 habent.
414 2530 540 2610 Quibus
561 2551 639 2597 veto
664 2529 839 2595 studiorum
867 2530 961 2600 labor·

124 2617 269 2706 displicet
281 2666 292 2699 ,
320 2614 410 2684 hi'ita
430 2619 624 2722 negligenter
640 2609 776 2707 legunt,
802 2634 840 2683 ut
862 2641 880 2684 a
902 2639 959 2688 rea

124 2703 181 2771 bus
199 2723 272 2772 ante
295 2707 407 2776 oculos
429 2709 539 2795 positis
560 2719 646 2784 urens
668 2727 778 2772 eorum
795 2705 959 2798 distrahar-
1004 2771 1017 2793 J

122 2808 201 2872 tur,
230 2811 262 2862 et
281 2815 340 2882 per
360 2797 446 2862 varia
469 2798 528 2864 alia
551 2794 796 2885 peregrinetur,
825 2817 867 2862 ex
893 2821 956 2887 qua

123 2883 412 2976 tuituievagatione
425 2885 461 2954 fir
476 2927 488 2976 ,
501 2881 876 2975 ‘'2tttvuihil'percipiatur,
899 2887 956 2962 gi..
1030 2961 1031 2965 Ἰ
