2326 3438
241 151 304 216 288
483 163 677 212 rttsrtrvr.
700 164 844 212 tureos.

237 237 402 304 consortio
431 251 570 302 remotus
597 234 702 313 vixit,
726 252 761 299 ut
785 235 932 321 quicum
956 239 1083 320 paucis

235 342 359 396 tanturn
380 321 558 408 hominibus
577 343 623 390 res
636 322 845 388 discutiendas
862 320 1001 399 habuit3
1033 323 1081 386 li-

203 428 205 432 ’
236 433 288 484 cet
314 417 345 480 in
369 411 506 501 legendis
527 409 686 476 hominum
710 407 819 489 factis,
847 418 929 503 quae
942 410 1082 498 scripto

235 498 543 591 consignataluete,
569 516 669 564 totam
693 499 789 564 vitam
817 499 1083 586 consumpserit.

235 593 290 660 Ad
311 590 372 654 hoc
394 609 524 676 quoque
542 590 622 652 serio
640 588 867 654 attendendum
880 609 938 666 es,
965 607 1082 652 num·-

234 701 330 767 quam
354 699 409 742 ntst
435 698 475 743 ex
503 695 741 742 circumstantiis
768 696 850 741 nons
875 697 943 741 esse
969 694 1081 740 rano-

235 767 427 843 cinandum‚
459 765 666 852 minimasque
694 764 945 830 circumstantias
972 784 1080 850 saepe

234 857 319 927 hisce
353 855 520 922 ratiociniis
558 855 727 920 maximum
749 855 857 922 lumen
889 850 1076 918 affundere.

536 1027 695 1102 CAPVT
717 1027 766 1098 11.

429 1204 487 1291 Dc
508 1206 653 1278 methodo
674 1205 867 1296 syntietica.

175 1459 181 1471 ,ι
220 1316 456 1474 „Synthetica
474 1383 641 1452 methodus
658 1385 839 1464 usuvenit,
868 1383 993 1470 quoties
1011 1405 1069 1464 ea,

236 1495 316 1562 quae
339 1475 370 1538 in
393 1491 499 1540 mente
525 1472 698 1554 habemus,
728 1474 794 1538 aliis
817 1475 976 1561 explicare
996 1493 1072 1536 sus-

236 1566 380 1652 cipimus.
417 1563 534 1650 Vulgo
559 1579 671 1628 notum
696 1580 770 1640 est,
793 1581 948 1649 quantum
975 1563 1072 1627 eius-
1152 1583 1153 1587 ¹

168 1722 170 1726 ,
237 1654 309 1720 dent
324 1652 366 1720 rei
386 1650 610 1736 explicationes
626 1649 730 1721 variae
745 1652 904 1716 auditores
919 1666 972 1716 aut
993 1648 1070 1712 lec·-

237 1760 323 1812 tores
363 1739 486 1805 diverse
523 1735 686 1816 afficiant,
714 1761 817 1826 quum
839 1740 940 1805 clare
969 1757 1069 1802 unam

236 1826 437 1915 percipiant,
460 1843 492 1892 et
520 1828 610 1892 aliam
636 1845 699 1891 non
725 1827 925 1914 intelligant,
954 1848 1072 1913 quant-

236 1915 283 1980 vis
304 1914 412 1978 iisdem
435 1915 611 1981 nominibus
633 1937 680 1981 res
699 1915 826 1982 caedent
845 1916 1069 2003 designentur,

239 2020 270 2070 et
295 2000 368 2066 nihil
391 2003 433 2066 in
448 2023 511 2067 una
536 2003 654 2082 detur,
677 2003 767 2089 quod
789 2025 853 2068 non
877 2005 906 2069 in
928 2002 990 2068 alia
1017 2025 1070 2070 re·

238 2092 387 2180 periatur.
416 2089 602 2158 Differentia
612 2090 644 2158 in
655 2093 721 2158 sola
736 2090 890 2162 methodo
905 2101 1071 2182 quaereus

236 2181 280 2248 da
302 2195 362 2248 est.
789 2217 791 2223 .

404 2353 679 2438 Aurtcvuvs
700 2353 898 2428 vmcvs.

302 2533 359 2602 De
372 2529 516 2600 methodo
532 2529 701 2600 doctrinae
716 2577 727 2610 ,
756 2555 813 2600 seu
827 2534 1004 2606 veritatem¹

463 2625 632 2714 inventam
642 2620 836 2710 exponendi.

242 2731 329 2859 Ad
354 2793 571 2860 inveniendam
598 2809 631 2859 et
661 2794 880 2880 explicandam
903 2791 1067 2860 veritatem

141 2957 151 2964 ¹
235 2883 399 2950 utilissime
420 2881 560 2949 adhiberi
585 2895 689 2970 potest
705 2882 871 2950 methodus
893 2883 1067 2973 analytica,
