2298 3418
194 113 258 162 aaa
433 106 631 158 maritvs..
655 109 792 160 nutant.

193 177 396 272 syllogismos
411 179 644 268 coniungendi;
672 203 749 270 ergo
766 177 892 270 regulae
913 178 1036 270 logicas

154 342 155 348 ἵ
197 270 356 338 sufficiunt
371 268 411 335 ad
425 291 534 336 verum
550 291 569 332 a
585 265 664 334 falso
678 269 930 338 discernendum.
948 271 1035 338 Por-

197 383 235 427 to
262 359 287 423 si
308 359 371 424 alio
391 355 530 424 veritatis
552 354 682 423 criterio'
703 381 827 447 praeter
850 359 974 448 logicae
994 383 1060 427 re··

197 448 392 539 gulastopus
413 464 479 526 est,
506 447 630 536 tegulae
652 446 723 516 illae
747 447 787 514 ad
808 469 953 514 veruma
973 447 1041 514 sah·-

196 560 234 614 to
262 536 510 604 discernendum
537 556 602 600 non
635 531 838 612 sufficereut3
873 535 930 604 sed
967 535 1039 604 illas

200 625 345 694 sulficere
369 624 679 706 demonstravimus3
719 647 798 716 ergo
814 623 876 692 alio
900 625 1040 697 veritatis

195 715 323 782 criterio
352 735 434 805 opus
461 733 525 777 non
552 728 609 778 est.

261 801 351 872 lllud
372 821 479 872 autem
501 800 640 868 veritatis
660 799 789 868 eritetio
813 801 948 872 scientiis
962 825 1039 868 om-

197 891 293 962 uibus
332 911 501 960 commune
537 909 595 958 est.
629 888 776 982 Singulae
814 889 896 958 enirn
934 892 1041 959 scien·-

197 982 261 1050 tiae
298 1001 355 1050 sua
387 979 507 1048 habent
540 977 716 1046 certissima
739 975 835 1066 atqu'e
861 976 1041 1048 indubitata

196 1071 378 1162 principia,
402 1091 441 1138 ex
470 1063 585 1156 quibus
616 1090 674 1158 per
700 1067 822 1158 regulas
849 1068 969 1158 logicae
990 1085 1041 1136 te·-

187 1160 348 1240 utotiotes
361 1157 441 1226 aliae
454 1157 601 1224 veritates
615 1157 807 1247 colliguntur
819 1181 829 1232 3
856 1157 944 1244 quod
964 1159 1043 1244 qui-

186 1249 275 1316 ·‹lem
314 1243 411 1312 fusius
445 1244 682 1335 explicavimus.
710 1245 842 1335 Triplex
865 1244 1044 1330 evidentiae

188 1357 302 1428 <genus
324 1332 584 1425 distinguendum
606 1355 671 1401 esse
681 1382 694 1415 ,
712 1335 772 1400 iarn
788 1333 1044 1401 demonstratum

201 1445 261 1493 est.
278 1425 351 1492 Alia
366 1443 414 1492 est
427 1421 668 1512 metaphysica,
689 1421 825 1514 physica
840 1422 958 1500 altera,
973 1441 1044 1489 ter-

200 1514 246 1582 tia
270 1514 411 1582 moralis.
438 1510 589 1578 Scientiae
619 1511 779 1600 quaelihet
806 1512 868 1578 suis
896 1511 1044 1579 innitun-

200 1622 252 1674 tur
284 1601 473 1692 principiis,
499 1621 583 1688 qnae
607 1622 668 1690 pro
692 1601 814 1668 divetsa
840 1598 1044 1668 scientiarum

200 1713 314 1760 natura
327 1693 484 1759 diversam
498 1687 615 1755 habent
630 1690 828 1758 evidentiam.
844 1689 937 1756 Sacra
948 1688 1044 1766 theo-

200 1783 286 1872 logia
308 1779 405 1846 habet
430 1775 662 1845 evidentissima
674 1777 889 1848 credibilltatis
910 1779 1045 1860 motiva,

200 1870 351 1938 infinitam
376 1867 437 1932 Dei
454 1865 680 1945 veracitatem,
708 1865 926 1933 admirandam
943 1873 1045 1934 evan·

201 1958 274 2048 gelii
291 1955 577 2045 praedicationem,
603 1953 743 2035 Christi,
770 1955 990 2043 apostolorum
1012 1973 1046 2024 et

203 2045 431 2136 discipulorum
446 2042 582 2109 divinam
598 2045 773 2112 missionem
789 2044 943 2109 miraculis
961 2066 1046 2108 con-

203 2137 379 2214 firmatam,
407 2133 534 2200 moralis
560 2132 760 2222 evangelican
789 2133 985 2198 sanctitatem
1011 2155 1047 2200 as·

202 2225 307 2310 liaqoe
328 2239 513 2314 argumenta
536 2221 687 2307 plurima,
717 2243 798 2308 quae
821 2221 950 2308 quidem
968 2243 1044 2287 om-

204 2313 334 2381 nimoda
358 2307 559 2402 resplendent
586 2309 771 2389 evidentia,
799 2309 843 2375 ita
872 2327 908 2374 ut
923 2335 931 2374 r
948 2315 1046 2399 3·th

204 2418 275 2472 tam
288 2401 443 2479 demens,
470 2413 508 2464 ut
526 2420 588 2466 non
606 2399 719 2466 videat
737 2401 751 2463 l
768 2402 869 2485 pquv't
888 2414 959 2464 tam
981 2403 1047 2464 im.

199 2491 351 2584 pudens,
378 2501 414 2553 ut
438 2485 549 2554 videre
570 2510 605 2552 se
631 2485 843 2553 dissimulet?
866 2486 910 2552 ait
922 2488 953 2552 S.
969 2489 1047 2553 Au-

206 2581 349 2670 gostinus
362 2573 562 2642 manichaeos
577 2575 753 2658 adloquens
779 2573 839 2640 lib.
865 2594 903 2643 12
929 2592 1048 2644 contra

205 2669 371 2752 faustum
385 2664 615 2731 manichaeum.
632 2664 691 2728 His
706 2662 943 2730 evidentissimis
956 2665 1047 2753 prin-

206 2757 295 2848 cipiis
316 2771 477 2842 tamquam
497 2752 564 2817 basi
589 2750 759 2816 firmissima
785 2751 964 2818 innituntur
991 2775 1049 2818 sa-

205 2869 262 2918 sta
280 2841 441 2933 theologia
459 2839 630 2929 divinaque
652 2841 817 2910 revelatio.
832 2839 885 2908 Ex
899 2841 947 2908 his
961 2859 1050 2910 tam·
