<?xml version="1.0" encoding="UTF-8"?>
<!DOCTYPE html PUBLIC "-//W3C//DTD XHTML 1.0 Transitional//EN"
    "http://www.w3.org/TR/xhtml1/DTD/xhtml1-transitional.dtd">
<html xmlns="http://www.w3.org/1999/xhtml" xml:lang="en" lang="en">
 <head>
  <title>
</title>
<meta http-equiv="Content-Type" content="text/html;charset=utf-8" />
  <meta name='ocr-system' content='tesseract 3.04.00' />
  <meta name='ocr-capabilities' content='ocr_page ocr_carea ocr_par ocr_line ocrx_word'/>
</head>
<body>
  <div class='ocr_page' id='page_1' title='image "./institutionesph00jacqgoog_0203.png"; bbox 0 0 2298 3418; ppageno 0'>
   <div class='ocr_carea' id='block_1_1' title="bbox 226 199 1104 2257">
    <p class='ocr_par' dir='ltr' id='par_1_1' title="bbox 226 199 1104 2257">
     <span class='ocr_line' id='line_1_1' title="bbox 291 199 1104 276; baseline -0.016 -3"><span class='ocrx_word' id='word_1_1' title='bbox 291 205 351 274; x_wconf 77' lang='lat'>182</span> <span class='ocrx_word' id='word_1_2' title='bbox 381 199 389 212; x_wconf 87' lang='lat'><em>&#39;</em></span> <span class='ocrx_word' id='word_1_3' title='bbox 532 221 725 272; x_wconf 75' lang='lat' dir='ltr'>tttsnrnvr.</span> <span class='ocrx_word' id='word_1_4' title='bbox 745 221 883 266; x_wconf 73' lang='lat' dir='ltr'>tatros.</span> <span class='ocrx_word' id='word_1_5' title='bbox 1103 267 1104 276; x_wconf 8' lang='grc' dir='ltr'>χ</span> 
     </span>
     <span class='ocr_line' id='line_1_2' title="bbox 288 286 1104 384; baseline -0.015 -25"><span class='ocrx_word' id='word_1_6' title='bbox 288 287 413 384; x_wconf 76' lang='lat' dir='ltr'>phasir&#39;n</span> <span class='ocrx_word' id='word_1_7' title='bbox 428 291 654 378; x_wconf 88' lang='lat' dir='ltr'>loquebantur.</span> <span class='ocrx_word' id='word_1_8' title='bbox 681 289 792 368; x_wconf 89' lang='lat' dir='ltr'>Quum</span> <span class='ocrx_word' id='word_1_9' title='bbox 817 288 893 354; x_wconf 89' lang='lat' dir='ltr'>nibil</span> <span class='ocrx_word' id='word_1_10' title='bbox 916 289 1015 369; x_wconf 86' lang='lat' dir='ltr'>certi,</span> <span class='ocrx_word' id='word_1_11' title='bbox 1040 286 1104 368; x_wconf 60' lang='lat' dir='ltr'>etde,</span> 
     </span>
     <span class='ocr_line' id='line_1_3' title="bbox 287 377 1104 467; baseline -0.007 -21"><span class='ocrx_word' id='word_1_12' title='bbox 287 383 433 447; x_wconf 87' lang='lat' dir='ltr'>omnibus</span> <span class='ocrx_word' id='word_1_13' title='bbox 458 381 667 446; x_wconf 86' lang='lat' dir='ltr'>dubitandum</span> <span class='ocrx_word' id='word_1_14' title='bbox 687 401 772 458; x_wconf 83' lang='lat' dir='ltr'>esse,</span> <span class='ocrx_word' id='word_1_15' title='bbox 793 377 1061 467; x_wconf 73' lang='lat' dir='ltr'>pronuntiabant,</span> <span class='ocrx_word' id='word_1_16' title='bbox 1080 378 1104 456; x_wconf 69' lang='lat' dir='ltr'>ll]</span> 
     </span>
     <span class='ocr_line' id='line_1_4' title="bbox 289 469 1104 546; baseline -0.006 -12"><span class='ocrx_word' id='word_1_17' title='bbox 289 488 414 534; x_wconf 85' lang='lat' dir='ltr'>tarnum</span> <span class='ocrx_word' id='word_1_18' title='bbox 429 471 563 534; x_wconf 87' lang='lat' dir='ltr'>voluisse</span> <span class='ocrx_word' id='word_1_19' title='bbox 580 472 728 535; x_wconf 89' lang='lat' dir='ltr'>videntur</span> <span class='ocrx_word' id='word_1_20' title='bbox 742 469 936 535; x_wconf 86' lang='lat' dir='ltr'>intellectum</span> <span class='ocrx_word' id='word_1_21' title='bbox 951 469 991 533; x_wconf 85' lang='lat' dir='ltr'>de</span> <span class='ocrx_word' id='word_1_22' title='bbox 1005 469 1036 530; x_wconf 92' lang='lat' dir='ltr'>iis</span> <span class='ocrx_word' id='word_1_23' title='bbox 1051 489 1104 546; x_wconf 76' lang='lat' dir='ltr'>om</span> 
     </span>
     <span class='ocr_line' id='line_1_5' title="bbox 288 556 1104 644; baseline -0.005 -20"><span class='ocrx_word' id='word_1_24' title='bbox 288 557 405 636; x_wconf 88' lang='lat' dir='ltr'>nibus,</span> <span class='ocrx_word' id='word_1_25' title='bbox 429 580 512 644; x_wconf 83' lang='lat' dir='ltr'>quae</span> <span class='ocrx_word' id='word_1_26' title='bbox 535 583 552 623; x_wconf 93' lang='lat' dir='ltr'>a</span> <span class='ocrx_word' id='word_1_27' title='bbox 573 559 717 644; x_wconf 82' lang='lat' dir='ltr'>sophistis</span> <span class='ocrx_word' id='word_1_28' title='bbox 739 575 771 624; x_wconf 90' lang='lat' dir='ltr'>et</span> <span class='ocrx_word' id='word_1_29' title='bbox 792 557 986 644; x_wconf 77' lang='lat' dir='ltr'>dogmatistis</span> <span class='ocrx_word' id='word_1_30' title='bbox 1006 556 1035 618; x_wconf 89' lang='lat' dir='ltr'>in</span> <span class='ocrx_word' id='word_1_31' title='bbox 1057 557 1104 632; x_wconf 61' lang='lat' dir='ltr'>dit,</span> 
     </span>
     <span class='ocr_line' id='line_1_6' title="bbox 289 645 1104 733; baseline -0.005 -23"><span class='ocrx_word' id='word_1_32' title='bbox 289 648 413 733; x_wconf 89' lang='lat' dir='ltr'>cipiinis</span> <span class='ocrx_word' id='word_1_33' title='bbox 440 647 500 709; x_wconf 86' lang='lat' dir='ltr'>suis</span> <span class='ocrx_word' id='word_1_34' title='bbox 527 647 687 712; x_wconf 83' lang='lat' dir='ltr'>tradendis</span> <span class='ocrx_word' id='word_1_35' title='bbox 712 645 955 724; x_wconf 85' lang='lat' dir='ltr'>effutiebantnr,</span> <span class='ocrx_word' id='word_1_36' title='bbox 977 666 1055 731; x_wconf 87' lang='lat' dir='ltr'>qnae</span> <span class='ocrx_word' id='word_1_37' title='bbox 1078 665 1104 722; x_wconf 62' lang='lat' dir='ltr'>n,</span> 
     </span>
     <span class='ocr_line' id='line_1_7' title="bbox 291 735 1098 823; baseline -0.006 -23"><span class='ocrx_word' id='word_1_38' title='bbox 291 738 379 823; x_wconf 91' lang='lat' dir='ltr'>tique</span> <span class='ocrx_word' id='word_1_39' title='bbox 412 735 518 800; x_wconf 86' lang='lat' dir='ltr'>omnia</span> <span class='ocrx_word' id='word_1_40' title='bbox 552 737 632 801; x_wconf 87' lang='lat' dir='ltr'>male</span> <span class='ocrx_word' id='word_1_41' title='bbox 658 755 729 800; x_wconf 85' lang='lat' dir='ltr'>tuta</span> <span class='ocrx_word' id='word_1_42' title='bbox 756 753 867 812; x_wconf 86' lang='lat' dir='ltr'>erant,</span> <span class='ocrx_word' id='word_1_43' title='bbox 894 736 1028 799; x_wconf 84' lang='lat' dir='ltr'>incertae</span> <span class='ocrx_word' id='word_1_44' title='bbox 1052 753 1098 796; x_wconf 89' lang='lat' dir='ltr'>sen</span> 
     </span>
     <span class='ocr_line' id='line_1_8' title="bbox 271 823 1104 916; baseline -0.006 -28"><span class='ocrx_word' id='word_1_45' title='bbox 271 838 384 888; x_wconf 82' lang='lat' dir='ltr'>&#39;snum</span> <span class='ocrx_word' id='word_1_46' title='bbox 408 823 479 890; x_wconf 83' lang='lat' dir='ltr'>fidei</span> <span class='ocrx_word' id='word_1_47' title='bbox 510 841 542 890; x_wconf 87' lang='lat' dir='ltr'>et</span> <span class='ocrx_word' id='word_1_48' title='bbox 568 823 772 916; x_wconf 84' lang='lat' dir='ltr'>opinionibus</span> <span class='ocrx_word' id='word_1_49' title='bbox 802 825 894 910; x_wconf 89' lang='lat' dir='ltr'>plane</span> <span class='ocrx_word' id='word_1_50' title='bbox 919 823 1022 888; x_wconf 87' lang='lat' dir='ltr'>dubiis</span> <span class='ocrx_word' id='word_1_51' title='bbox 1055 841 1104 901; x_wconf 71' lang='lat' dir='ltr'>ma,</span> 
     </span>
     <span class='ocr_line' id='line_1_9' title="bbox 291 913 1104 1000; baseline -0.007 -22"><span class='ocrx_word' id='word_1_52' title='bbox 291 913 386 1000; x_wconf 86' lang='lat' dir='ltr'>leque</span> <span class='ocrx_word' id='word_1_53' title='bbox 409 916 583 997; x_wconf 83' lang='lat' dir='ltr'>compactis</span> <span class='ocrx_word' id='word_1_54' title='bbox 608 914 724 978; x_wconf 84' lang='lat' dir='ltr'>innixa.</span> <span class='ocrx_word' id='word_1_55' title='bbox 751 913 792 976; x_wconf 91' lang='lat' dir='ltr'>Et</span> <span class='ocrx_word' id='word_1_56' title='bbox 815 932 901 978; x_wconf 89' lang='lat' dir='ltr'>certe</span> <span class='ocrx_word' id='word_1_57' title='bbox 927 914 949 976; x_wconf 90' lang='lat' dir='ltr'>si</span> <span class='ocrx_word' id='word_1_58' title='bbox 980 913 1104 1000; x_wconf 85' lang='lat' dir='ltr'>quium</span> 
     </span>
     <span class='ocr_line' id='line_1_10' title="bbox 283 999 1099 1086; baseline -0.001 -22"><span class='ocrx_word' id='word_1_59' title='bbox 283 999 389 1086; x_wconf 67' lang='lat' dir='ltr'>&#39;quam</span> <span class='ocrx_word' id='word_1_60' title='bbox 407 1003 579 1068; x_wconf 82' lang='lat' dir='ltr'>extitissent</span> <span class='ocrx_word' id='word_1_61' title='bbox 599 1021 706 1068; x_wconf 87' lang='lat' dir='ltr'>tantae</span> <span class='ocrx_word' id='word_1_62' title='bbox 727 1002 904 1067; x_wconf 88' lang='lat' dir='ltr'>dementiae</span> <span class='ocrx_word' id='word_1_63' title='bbox 921 1000 1074 1074; x_wconf 87' lang='lat' dir='ltr'>homines,</span> <span class='ocrx_word' id='word_1_64' title='bbox 1096 999 1099 1054; x_wconf 75' lang='grc' dir='ltr'>ἑ</span> 
     </span>
     <span class='ocr_line' id='line_1_11' title="bbox 294 1090 1104 1178; baseline -0.004 -25"><span class='ocrx_word' id='word_1_65' title='bbox 294 1091 324 1156; x_wconf 92' lang='lat' dir='ltr'>in</span> <span class='ocrx_word' id='word_1_66' title='bbox 352 1110 505 1177; x_wconf 86' lang='lat' dir='ltr'>perpetua</span> <span class='ocrx_word' id='word_1_67' title='bbox 534 1091 707 1156; x_wconf 87' lang='lat' dir='ltr'>indolentia</span> <span class='ocrx_word' id='word_1_68' title='bbox 736 1107 767 1156; x_wconf 87' lang='lat' dir='ltr'>et</span> <span class='ocrx_word' id='word_1_69' title='bbox 797 1090 981 1178; x_wconf 81' lang='lat' dir='ltr'>stupiditate</span> <span class='ocrx_word' id='word_1_70' title='bbox 1010 1104 1104 1168; x_wconf 66' lang='lat' dir='ltr'>manen,</span> 
     </span>
     <span class='ocr_line' id='line_1_12' title="bbox 295 1173 1104 1266; baseline -0.004 -25"><span class='ocrx_word' id='word_1_71' title='bbox 295 1181 424 1242; x_wconf 84' lang='lat' dir='ltr'>omnino</span> <span class='ocrx_word' id='word_1_72' title='bbox 440 1179 652 1258; x_wconf 83' lang='lat' dir='ltr'>debuissent,</span> <span class='ocrx_word' id='word_1_73' title='bbox 679 1179 825 1266; x_wconf 87' lang='lat' dir='ltr'>nullaque</span> <span class='ocrx_word' id='word_1_74' title='bbox 854 1181 975 1245; x_wconf 87' lang='lat' dir='ltr'>ratione</span> <span class='ocrx_word' id='word_1_75' title='bbox 1003 1173 1104 1266; x_wconf 54' lang='lat' dir='ltr'>potuit-3</span> 
     </span>
     <span class='ocr_line' id='line_1_13' title="bbox 296 1266 1104 1355; baseline -0.009 -24"><span class='ocrx_word' id='word_1_76' title='bbox 296 1286 366 1331; x_wconf 87' lang='lat' dir='ltr'>sent</span> <span class='ocrx_word' id='word_1_77' title='bbox 393 1267 433 1332; x_wconf 85' lang='lat' dir='ltr'>ad</span> <span class='ocrx_word' id='word_1_78' title='bbox 461 1267 618 1355; x_wconf 83' lang='lat' dir='ltr'>agendum</span> <span class='ocrx_word' id='word_1_79' title='bbox 644 1269 786 1346; x_wconf 86' lang='lat' dir='ltr'>moveri,</span> <span class='ocrx_word' id='word_1_80' title='bbox 814 1267 901 1332; x_wconf 89' lang='lat' dir='ltr'>nullo</span> <span class='ocrx_word' id='word_1_81' title='bbox 924 1266 1104 1353; x_wconf 50' lang='lat' dir='ltr'>probabilius,</span> 
     </span>
     <span class='ocr_line' id='line_1_14' title="bbox 297 1352 1100 1438; baseline -0.009 -20"><span class='ocrx_word' id='word_1_82' title='bbox 297 1356 334 1418; x_wconf 89' lang='lat' dir='ltr'>tis</span> <span class='ocrx_word' id='word_1_83' title='bbox 359 1355 458 1438; x_wconf 73' lang='lat' dir='ltr'>gradu</span> <span class='ocrx_word' id='word_1_84' title='bbox 485 1357 694 1422; x_wconf 87' lang='lat' dir='ltr'>determinari.</span> <span class='ocrx_word' id='word_1_85' title='bbox 722 1357 786 1436; x_wconf 89' lang='lat' dir='ltr'>Qui</span> <span class='ocrx_word' id='word_1_86' title='bbox 815 1359 898 1424; x_wconf 90' lang='lat' dir='ltr'>enim</span> <span class='ocrx_word' id='word_1_87' title='bbox 926 1357 970 1422; x_wconf 90' lang='lat' dir='ltr'>de</span> <span class='ocrx_word' id='word_1_88' title='bbox 994 1352 1100 1418; x_wconf 88' lang='lat' dir='ltr'>omnibu</span> 
     </span>
     <span class='ocr_line' id='line_1_15' title="bbox 297 1439 1099 1532; baseline -0.012 -24"><span class='ocrx_word' id='word_1_89' title='bbox 297 1444 441 1522; x_wconf 89' lang='lat' dir='ltr'>dubitat,</span> <span class='ocrx_word' id='word_1_90' title='bbox 465 1445 585 1510; x_wconf 91' lang='lat' dir='ltr'>nullum</span> <span class='ocrx_word' id='word_1_91' title='bbox 608 1445 650 1512; x_wconf 88' lang='lat' dir='ltr'>de</span> <span class='ocrx_word' id='word_1_92' title='bbox 673 1446 779 1510; x_wconf 88' lang='lat' dir='ltr'>maiori</span> <span class='ocrx_word' id='word_1_93' title='bbox 804 1444 1025 1532; x_wconf 86' lang='lat' dir='ltr'>probabilitate</span> <span class='ocrx_word' id='word_1_94' title='bbox 1046 1439 1099 1502; x_wconf 90' lang='lat' dir='ltr'>iudi</span> 
     </span>
     <span class='ocr_line' id='line_1_16' title="bbox 298 1526 1104 1622; baseline -0.004 -26"><span class='ocrx_word' id='word_1_95' title='bbox 298 1534 379 1596; x_wconf 88' lang='lat' dir='ltr'>cium</span> <span class='ocrx_word' id='word_1_96' title='bbox 405 1531 486 1600; x_wconf 90' lang='lat' dir='ltr'>ferre</span> <span class='ocrx_word' id='word_1_97' title='bbox 507 1552 626 1621; x_wconf 86' lang='lat' dir='ltr'>potest.</span> <span class='ocrx_word' id='word_1_98' title='bbox 645 1533 759 1622; x_wconf 88' lang='lat' dir='ltr'>Itaque</span> <span class='ocrx_word' id='word_1_99' title='bbox 774 1555 872 1618; x_wconf 87' lang='lat' dir='ltr'>quum</span> <span class='ocrx_word' id='word_1_100' title='bbox 886 1531 973 1598; x_wconf 87' lang='lat' dir='ltr'>nulla</span> <span class='ocrx_word' id='word_1_101' title='bbox 989 1526 1104 1616; x_wconf 77' lang='lat' dir='ltr'>um&#39;qrrar,</span> 
     </span>
     <span class='ocr_line' id='line_1_17' title="bbox 301 1621 1104 1711; baseline -0.006 -25"><span class='ocrx_word' id='word_1_102' title='bbox 301 1623 440 1688; x_wconf 85' lang='lat' dir='ltr'>extiterit</span> <span class='ocrx_word' id='word_1_103' title='bbox 464 1623 506 1684; x_wconf 85' lang='lat' dir='ltr'>ita</span> <span class='ocrx_word' id='word_1_104' title='bbox 532 1623 611 1688; x_wconf 88' lang='lat' dir='ltr'>dura</span> <span class='ocrx_word' id='word_1_105' title='bbox 639 1641 736 1711; x_wconf 90' lang='lat' dir='ltr'>atque</span> <span class='ocrx_word' id='word_1_106' title='bbox 763 1621 939 1692; x_wconf 64' lang='lat' dir='ltr'>inflexibilis</span> <span class='ocrx_word' id='word_1_107' title='bbox 970 1636 1064 1694; x_wconf 88' lang='lat' dir='ltr'>secta,</span> <span class='ocrx_word' id='word_1_108' title='bbox 1087 1635 1104 1697; x_wconf 74' lang='lat' dir='ltr'>tt</span> 
     </span>
     <span class='ocr_line' id='line_1_18' title="bbox 293 1709 1104 1798; baseline -0.007 -26"><span class='ocrx_word' id='word_1_109' title='bbox 293 1711 417 1774; x_wconf 88' lang='lat' dir='ltr'>nullam</span> <span class='ocrx_word' id='word_1_110' title='bbox 442 1730 506 1774; x_wconf 87' lang='lat' dir='ltr'>rem</span> <span class='ocrx_word' id='word_1_111' title='bbox 529 1713 659 1776; x_wconf 89' lang='lat' dir='ltr'>omnino</span> <span class='ocrx_word' id='word_1_112' title='bbox 684 1712 863 1788; x_wconf 79' lang='lat' dir='ltr'>curaverit3</span> <span class='ocrx_word' id='word_1_113' title='bbox 886 1709 1104 1798; x_wconf 84' lang='lat' dir='ltr'>probabilem</span> 
     </span>
     <span class='ocr_line' id='line_1_19' title="bbox 300 1791 1104 1886; baseline -0.007 -24"><span class='ocrx_word' id='word_1_114' title='bbox 300 1815 368 1875; x_wconf 86' lang='lat' dir='ltr'>est,</span> <span class='ocrx_word' id='word_1_115' title='bbox 394 1799 632 1864; x_wconf 76' lang='lat' dir='ltr'>tales‘extitisse</span> <span class='ocrx_word' id='word_1_116' title='bbox 658 1800 821 1876; x_wconf 85' lang='lat' dir='ltr'>homines,</span> <span class='ocrx_word' id='word_1_117' title='bbox 845 1802 900 1886; x_wconf 90' lang='lat' dir='ltr'>qni</span> <span class='ocrx_word' id='word_1_118' title='bbox 928 1799 973 1864; x_wconf 92' lang='lat' dir='ltr'>de</span> <span class='ocrx_word' id='word_1_119' title='bbox 995 1791 1104 1862; x_wconf 82' lang='lat' dir='ltr'>omnibu</span> 
     </span>
     <span class='ocr_line' id='line_1_20' title="bbox 296 1884 1102 1958; baseline -0.012 0"><span class='ocrx_word' id='word_1_120' title='bbox 296 1887 379 1958; x_wconf 73' lang='lat' dir='ltr'>serio</span> <span class='ocrx_word' id='word_1_121' title='bbox 402 1884 626 1954; x_wconf 86' lang='lat' dir='ltr'>dubitaverint.</span> <span class='ocrx_word' id='word_1_122' title='bbox 652 1887 750 1954; x_wconf 87' lang='lat' dir='ltr'>Facta</span> <span class='ocrx_word' id='word_1_123' title='bbox 772 1891 852 1954; x_wconf 89' lang='lat' dir='ltr'>enim</span> <span class='ocrx_word' id='word_1_124' title='bbox 866 1885 976 1952; x_wconf 76' lang='lat' dir='ltr'>verbis</span> <span class='ocrx_word' id='word_1_125' title='bbox 994 1906 1051 1950; x_wconf 93' lang='lat' dir='ltr'>non</span> <span class='ocrx_word' id='word_1_126' title='bbox 1066 1899 1102 1943; x_wconf 75' lang='lat' dir='ltr'>res</span> 
     </span>
     <span class='ocr_line' id='line_1_21' title="bbox 226 1971 1104 2062; baseline 0.01 -29"><span class='ocrx_word' id='word_1_127' title='bbox 226 2026 230 2033; x_wconf 93' lang='lat'><em>.</em></span> <span class='ocrx_word' id='word_1_128' title='bbox 300 1972 508 2060; x_wconf 77' lang='lat' dir='ltr'>pendissent,</span> <span class='ocrx_word' id='word_1_129' title='bbox 534 1977 591 2040; x_wconf 90' lang='lat' dir='ltr'>alia</span> <span class='ocrx_word' id='word_1_130' title='bbox 624 1975 747 2057; x_wconf 87' lang='lat' dir='ltr'>locuti,</span> <span class='ocrx_word' id='word_1_131' title='bbox 773 1977 832 2042; x_wconf 88' lang='lat' dir='ltr'>alia</span> <span class='ocrx_word' id='word_1_132' title='bbox 864 1977 1020 2062; x_wconf 83' lang='lat' dir='ltr'>perpetuo</span> <span class='ocrx_word' id='word_1_133' title='bbox 1050 1971 1104 2055; x_wconf 65' lang='lat' dir='ltr'>egli</span> 
     </span>
     <span class='ocr_line' id='line_1_22' title="bbox 302 2059 1104 2152; baseline -0.005 -28"><span class='ocrx_word' id='word_1_134' title='bbox 302 2081 381 2126; x_wconf 85' lang='lat' dir='ltr'>sent.</span> <span class='ocrx_word' id='word_1_135' title='bbox 412 2059 513 2151; x_wconf 86' lang='lat' dir='ltr'>Igitur</span> <span class='ocrx_word' id='word_1_136' title='bbox 542 2067 738 2152; x_wconf 88' lang='lat' dir='ltr'>superfluum</span> <span class='ocrx_word' id='word_1_137' title='bbox 764 2082 830 2142; x_wconf 88' lang='lat' dir='ltr'>est,</span> <span class='ocrx_word' id='word_1_138' title='bbox 854 2064 1047 2129; x_wconf 84' lang='lat' dir='ltr'>adversarios</span> <span class='ocrx_word' id='word_1_139' title='bbox 1069 2077 1104 2140; x_wconf 39' lang='lat' dir='ltr'>no}</span> 
     </span>
     <span class='ocr_line' id='line_1_23' title="bbox 297 2141 1104 2257; baseline -0.002 -43"><span class='ocrx_word' id='word_1_140' title='bbox 297 2150 346 2214; x_wconf 89' lang='lat' dir='ltr'>bis</span> <span class='ocrx_word' id='word_1_141' title='bbox 362 2151 496 2257; x_wconf 79' lang='lat' dir='ltr'>fingere,</span> <span class='ocrx_word' id='word_1_142' title='bbox 511 2176 590 2241; x_wconf 90' lang='lat' dir='ltr'>quos</span> <span class='ocrx_word' id='word_1_143' title='bbox 606 2154 757 2243; x_wconf 87' lang='lat' dir='ltr'>quidem,</span> <span class='ocrx_word' id='word_1_144' title='bbox 780 2155 804 2218; x_wconf 89' lang='lat' dir='ltr'>si</span> <span class='ocrx_word' id='word_1_145' title='bbox 824 2151 954 2219; x_wconf 90' lang='lat' dir='ltr'>fuissent</span> <span class='ocrx_word' id='word_1_146' title='bbox 978 2141 1104 2236; x_wconf 66' lang='lat' dir='ltr'>nmquid,</span> 
     </span>
    </p>
   </div>
   <div class='ocr_carea' id='block_1_2' title="bbox 197 2234 1104 2331">
    <p class='ocr_par' dir='ltr' id='par_1_2' title="bbox 197 2234 1104 2331">
     <span class='ocr_line' id='line_1_24' title="bbox 197 2234 1104 2331; baseline -0.007 -31"><span class='ocrx_word' id='word_1_147' title='bbox 197 2269 199 2278; x_wconf 29' lang='grc' dir='ltr'><em>ι</em></span> <span class='ocrx_word' id='word_1_148' title='bbox 299 2240 390 2309; x_wconf 83' lang='lat' dir='ltr'>nulla</span> <span class='ocrx_word' id='word_1_149' title='bbox 415 2260 535 2309; x_wconf 90' lang='lat' dir='ltr'>ratrone</span> <span class='ocrx_word' id='word_1_150' title='bbox 560 2265 723 2331; x_wconf 82' lang='lat' dir='ltr'>possemus</span> <span class='ocrx_word' id='word_1_151' title='bbox 747 2241 900 2309; x_wconf 81' lang='lat' dir='ltr'>refellere.</span> <span class='ocrx_word' id='word_1_152' title='bbox 928 2241 1034 2306; x_wconf 86' lang='lat' dir='ltr'>Nullis</span> <span class='ocrx_word' id='word_1_153' title='bbox 1054 2234 1104 2318; x_wconf 74' lang='lat' dir='ltr'>cuii</span> 
     </span>
    </p>
   </div>
   <div class='ocr_carea' id='block_1_3' title="bbox 293 2321 1104 3038">
    <p class='ocr_par' dir='ltr' id='par_1_3' title="bbox 293 2321 1104 3038">
     <span class='ocr_line' id='line_1_25' title="bbox 304 2321 1104 2420; baseline -0.008 -28"><span class='ocrx_word' id='word_1_154' title='bbox 304 2333 492 2416; x_wconf 85' lang='lat' dir='ltr'>argumentis</span> <span class='ocrx_word' id='word_1_155' title='bbox 519 2334 663 2396; x_wconf 87' lang='lat' dir='ltr'>convinci</span> <span class='ocrx_word' id='word_1_156' title='bbox 696 2350 848 2420; x_wconf 90' lang='lat' dir='ltr'>possunt,</span> <span class='ocrx_word' id='word_1_157' title='bbox 884 2332 938 2418; x_wconf 89' lang='lat' dir='ltr'>qui</span> <span class='ocrx_word' id='word_1_158' title='bbox 970 2321 1104 2396; x_wconf 79' lang='lat' dir='ltr'>evidentil</span> 
     </span>
     <span class='ocr_line' id='line_1_26' title="bbox 305 2417 1098 2510; baseline -0.01 -26"><span class='ocrx_word' id='word_1_159' title='bbox 305 2418 379 2484; x_wconf 87' lang='lat' dir='ltr'>sima</span> <span class='ocrx_word' id='word_1_160' title='bbox 404 2440 536 2505; x_wconf 88' lang='lat' dir='ltr'>quoque</span> <span class='ocrx_word' id='word_1_161' title='bbox 565 2441 683 2508; x_wconf 80' lang='lat' dir='ltr'>negant</span> <span class='ocrx_word' id='word_1_162' title='bbox 704 2420 871 2510; x_wconf 83' lang='lat' dir='ltr'>principia.</span> <span class='ocrx_word' id='word_1_163' title='bbox 896 2419 947 2484; x_wconf 84' lang='lat' dir='ltr'>Ex</span> <span class='ocrx_word' id='word_1_164' title='bbox 971 2417 1017 2482; x_wconf 89' lang='lat' dir='ltr'>his</span> <span class='ocrx_word' id='word_1_165' title='bbox 1039 2429 1098 2502; x_wconf 83' lang='lat' dir='ltr'>pate</span> 
     </span>
     <span class='ocr_line' id='line_1_27' title="bbox 295 2505 1104 2598; baseline -0.005 -28"><span class='ocrx_word' id='word_1_166' title='bbox 295 2505 549 2570; x_wconf 75' lang='lat' dir='ltr'>&#39;commentitiam</span> <span class='ocrx_word' id='word_1_167' title='bbox 575 2511 705 2574; x_wconf 88' lang='lat' dir='ltr'>omnino</span> <span class='ocrx_word' id='word_1_168' title='bbox 725 2520 803 2576; x_wconf 71' lang='lat' dir='ltr'>esse</span> <span class='ocrx_word' id='word_1_169' title='bbox 818 2507 1078 2598; x_wconf 65' lang='lat' dir='ltr'>Pyrrhonicornm</span> <span class='ocrx_word' id='word_1_170' title='bbox 1103 2557 1104 2576; x_wconf 64' lang='lat'>,</span> 
     </span>
     <span class='ocr_line' id='line_1_28' title="bbox 293 2579 1104 2688; baseline -0.006 -31"><span class='ocrx_word' id='word_1_171' title='bbox 293 2594 484 2679; x_wconf 83' lang='lat' dir='ltr'>liornnrque</span> <span class='ocrx_word' id='word_1_172' title='bbox 510 2596 725 2682; x_wconf 85' lang='lat' dir='ltr'>Scepricorum</span> <span class='ocrx_word' id='word_1_173' title='bbox 749 2604 888 2664; x_wconf 78' lang='lat' dir='ltr'>sectatur</span> <span class='ocrx_word' id='word_1_174' title='bbox 919 2596 1048 2680; x_wconf 87' lang='lat' dir='ltr'>plurima</span> <span class='ocrx_word' id='word_1_175' title='bbox 1070 2579 1104 2688; x_wconf 55' lang='lat' dir='ltr'>“l</span> 
     </span>
     <span class='ocr_line' id='line_1_29' title="bbox 307 2684 1104 2826; baseline -0.009 -80"><span class='ocrx_word' id='word_1_176' title='bbox 307 2699 403 2766; x_wconf 85' lang='lat' dir='ltr'>atque</span> <span class='ocrx_word' id='word_1_177' title='bbox 428 2684 615 2752; x_wconf 88' lang='lat' dir='ltr'>inconcussa</span> <span class='ocrx_word' id='word_1_178' title='bbox 644 2687 820 2765; x_wconf 82' lang='lat' dir='ltr'>axiomata,</span> <span class='ocrx_word' id='word_1_179' title='bbox 852 2684 968 2772; x_wconf 86' lang='lat' dir='ltr'>quibus</span> <span class='ocrx_word' id='word_1_180' title='bbox 1007 2691 1104 2826; x_wconf 64' lang='lat' dir='ltr'>assenp</span> 
     </span>
     <span class='ocr_line' id='line_1_30' title="bbox 307 2771 1101 2860; baseline 0.003 -28"><span class='ocrx_word' id='word_1_181' title='bbox 307 2771 531 2856; x_wconf 86' lang='lat' dir='ltr'>uniusquisque</span> <span class='ocrx_word' id='word_1_182' title='bbox 545 2774 575 2834; x_wconf 87' lang='lat' dir='ltr'>vi</span> <span class='ocrx_word' id='word_1_183' title='bbox 598 2774 788 2840; x_wconf 87' lang='lat' dir='ltr'>ineluctabili</span> <span class='ocrx_word' id='word_1_184' title='bbox 812 2777 915 2842; x_wconf 85' lang='lat' dir='ltr'>statim</span> <span class='ocrx_word' id='word_1_185' title='bbox 938 2771 1074 2860; x_wconf 81' lang='lat' dir='ltr'>cogitur,</span> <span class='ocrx_word' id='word_1_186' title='bbox 1096 2845 1101 2860; x_wconf 88' lang='lat'>.</span> 
     </span>
     <span class='ocr_line' id='line_1_31' title="bbox 302 2858 1104 2948; baseline -0.011 -28"><span class='ocrx_word' id='word_1_187' title='bbox 302 2858 328 2922; x_wconf 82' lang='lat' dir='ltr'>si</span> <span class='ocrx_word' id='word_1_188' title='bbox 356 2860 445 2946; x_wconf 85' lang='lat' dir='ltr'>plane</span> <span class='ocrx_word' id='word_1_189' title='bbox 471 2861 615 2947; x_wconf 85' lang='lat' dir='ltr'>desipiat.</span> <span class='ocrx_word' id='word_1_190' title='bbox 640 2861 713 2941; x_wconf 88' lang='lat' dir='ltr'>Qua</span> <span class='ocrx_word' id='word_1_191' title='bbox 735 2883 839 2928; x_wconf 85' lang='lat' dir='ltr'>aurem</span> <span class='ocrx_word' id='word_1_192' title='bbox 863 2865 971 2926; x_wconf 79' lang='lat' dir='ltr'>viaet</span> <span class='ocrx_word' id='word_1_193' title='bbox 994 2858 1104 2948; x_wconf 55' lang='lat' dir='ltr'>primm,</span> 
     </span>
     <span class='ocr_line' id='line_1_32' title="bbox 305 2945 1104 3038; baseline -0.014 -26"><span class='ocrx_word' id='word_1_194' title='bbox 305 2947 361 3015; x_wconf 84' lang='lat' dir='ltr'>illis</span> <span class='ocrx_word' id='word_1_195' title='bbox 384 2951 566 3016; x_wconf 83' lang='lat' dir='ltr'>veritatibus</span> <span class='ocrx_word' id='word_1_196' title='bbox 591 2951 632 3020; x_wconf 86' lang='lat' dir='ltr'>ad</span> <span class='ocrx_word' id='word_1_197' title='bbox 652 2951 834 3028; x_wconf 62' lang='lat' dir='ltr'>&#39;ulteriores</span> <span class='ocrx_word' id='word_1_198' title='bbox 854 2949 967 3017; x_wconf 82' lang='lat' dir='ltr'>deinde</span> <span class='ocrx_word' id='word_1_199' title='bbox 980 2945 1104 3038; x_wconf 33' lang='lat' dir='ltr'>,veritur</span> 
     </span>
    </p>
   </div>
   <div class='ocr_carea' id='block_1_4' title="bbox 335 3226 340 3254">
    <p class='ocr_par' dir='ltr' id='par_1_4' title="bbox 335 3226 340 3254">
     <span class='ocr_line' id='line_1_33' title="bbox 335 3226 340 3254; baseline 0 0"><span class='ocrx_word' id='word_1_200' title='bbox 335 3226 340 3254; x_wconf 91' lang='lat' dir='ltr'>l</span> 
     </span>
    </p>
   </div>
   <div class='ocr_carea' id='block_1_5' title="bbox 0 0 1179 3418">
    <p class='ocr_par' dir='ltr' id='par_1_5' title="bbox 0 0 1179 3418">
     <span class='ocr_line' id='line_1_34' title="bbox 0 0 1179 3418; baseline 0 0"><span class='ocrx_word' id='word_1_201' title='bbox 0 0 1179 3418; x_wconf 95' lang='lat' dir='ltr'> </span> 
     </span>
    </p>
   </div>
  </div>
 </body>
</html>
