2326 3438
139 231 167 242 ..
207 167 396 236 ,naastan
420 163 582 224 reorent:
597 165 676 224 eati
699 173 766 223 arr.
857 173 921 251 ¹53

60 263 120 311 ras
145 243 219 323 ,in
247 245 383 313 errorem
414 244 589 312 incidimus.
618 247 648 312 Si
679 247 762 314 enim
792 239 923 316 fallaces

63 333 198 400 fuerint
222 337 393 414 notiones,
433 334 575 402 videmur
600 331 689 400 nobis
716 333 832 402 habere
849 353 924 400 vno-s

65 422 199 490 tionem
230 423 395 490 vocabolo
425 425 518 490 alicui
551 421 827 512 respondentem,
863 427 923 494 etsi
960 451 963 458 ’

72 511 325 590 nulla,omnino
352 513 549 600 respondeat.
580 514 625 577 At
655 533 703 579 res
738 511 923 583 huiusmodi

72 599 260 666 notionibus
285 604 404 667 utimur
425 620 586 688 tamquam
612 603 720 681 veris,
747 623 785 670 ex
811 602 923 672 iisdem

71 689 209 775 perinde
224 711 263 756 ac
277 713 318 756 ex
334 691 571 756 definitionibus
592 691 670 756 veris
684 690 922 782 propositiones

71 777 272 859 formamus,
300 778 413 866 quibus
434 799 593 870 tamquam
608 780 784 867 praemissis
799 782 924 850 utinum

16 927 17 930 ,
72 867 105 931 in
123 867 333 972 syllogismis.
344 869 503 946 Quoniam
520 885 623 934 autem
638 866 734 933 falsae
747 885 820 934 sunt
835 891 921 958 pro-¹

16 1013 17 1032 2
73 959 259 1045 positiones
281 958 361 1024 istae
372 1004 384 1037 ,
407 955 497 1024 falsas
519 959 610 1023 etiam
633 977 702 1022 esse
724 977 850 1023 necesse
872 976 922 1028 est

75 1045 302 1112 conclusiones
314 1067 370 1134 per
382 1048 585 1137 syllogismos
596 1045 924 1134 illatas‚quasquurn

74 1153 141 1222 pro
165 1135 253 1202 veris
276 1133 457 1214 habeamus,
482 1135 609 1202 evidens
632 1149 700 1214 est,
725 1155 923 1205 noserrare.

120 1218 169 1287 11.
217 1221 287 1293 Vbi
311 1226 481 1314 generales¹
496 1224 720 1310 explicavimus
744 1225 918 1312 disputau-

75 1309 112 1376 di
144 1311 288 1402 regulas,
324 1313 461 1380 diximus
491 1311 711 1402 syllogismum
738 1315 816 1380 vitio
846 1337 921 1384 nta-

77 1401 174 1466 teriae
203 1401 370 1480 laborare,
391 1399 423 1469 'si
452 1399 551 1466 forma
579 1405 618 1466 sit
644 1401 805 1488 legitima,
836 1425 919 1470 con.

78 1489 177 1554 clusio
198 1507 306 1558 autem
327 1488 403 1556 falsa
426 1489 469 1556 ob
487 1489 592 1556 falsam
610 1489 851 1577 praemissarum
867 1494 920 1556 al-

78 1593 241 1644 terutram.
265 1579 492 1670 Syllogismum
515 1597 620 1644 autem
650 1577 763 1665 regulis
793 1579 919 1666 logicae

78 1666 273 1733 contrarium
283 1715 295 1748 ‚
307 1669 385 1732 ¹vitio
399 1666 516 1734 formae
529 1668 672 1731 laborare
684 1665 835 1731 diximus.
846 1668 924 1755 syr.

80 1755 246 1844 logismus,
274 1757 366 1821 cuius
393 1755 494 1822 forma
521 1755 636 1832 vitiosa
660 1756 771 1848 crypsi
788 1757 918 1842 tegitur,

80 1845 242 1931 sophisma
271 1845 396 1913 dicitur.
424 1846 509 1910 Hinc
538 1867 596 1910 ars
625 1844 802 1930 sophistica
832 1845 919 1912 dell-

80 1933 136 1998 niri
160 1949 288 2022 potesta
307 1955 433 2024 pravus
446 1931 713 2012 labitusfalsum
728 1937 799 1998 veri
811 1937 920 2022 specie

82 2021 267 2088 exornandi
271 2045 287 2100 ;
314 2041 346 2090 et
367 2024 420 2110 qui
439 2021 619 2086 huiusmodi
640 2042 790 2108 perverso
807 2021 922 2088 habitu

83 2127 265 2198 corruptum
289 2111 385 2178 habet
418 2111 575 2200 ingenium
600 2110 746 2197 sophista
770 2111 919 2196 appella-

83 2215 145 2266 tur.
169 2199 329 2267 Dicuntur
355 2202 447 2267 etiarn
470 2199 660 2286 sophismata
688 2196 918 2266 cavillationes
999 2267 1002 2274 ,

81 2307 112 2354 et
132 2286 328 2370 fallaciae,·
361 2288 523 2378 sophistae
556 2304 660 2352 atatem
691 2283 916 2352 cavillatores.

84 2377 310 2467 syllogismus,
332 2379 420 2442 cuius
445 2375 542 2440 lbrma
564 2376 675 2440 vitiosa
699 2373 784 2437 nulla
806 2375 918 2464 crypsi

85 2469 218 2554 tegitur,
243 2465 490 2556 paralogismus
519 2481 661 2528 vocatur.
690 2463 792 2530 Vnde
819 2485 918 2551 para-

85 2554 229 2644 logismus
265 2573 379 2620 contra
409 2554 532 2642 regulas
563 2553 820 2644 syllogismorum
851 2555 916 2621 sive

87 2644 238 2732 generales
265 2646 331 2710 sive
354 2643 503 2728 speciales
528 2640 688 2707 manifeste
712 2659 850 2727 peccat,
878 2665 917 2710 ae

87 2733 213 2820 proinde
236 2731 437 2820 paralogismi
463 2730 553 2797 facile
575 2732 783 2819 deteguntur,
809 2731 832 2795 si
850 2730 919 2799 for-

88 2843 134 2886 ma
154 2821 418 2912 syllogismorum
444 2819 620 2890 secundum
642 2817 769 2908 logicae·
787 2820 921 2908 regulas
952 2875 995 2882 .

90 2915 282 2978 examinetur.
