2298 3418
228 185 294 234 m
417 199 421 206 ·
474 183 659 234 susumus.
691 183 829 232 smnus.
885 189 914 238 ,·
1141 219 1142 244 r

224 262 280 324 ria
311 268 346 338 tt
375 253 493 346 praxi
506 262 709 334 instructus,
736 255 892 320 Maeuius
915 265 991 320 vero
1015 275 1084 320 so·
1141 247 1142 288 l

152 404 153 408 ,
226 343 263 410 ln
275 360 329 411 'est
343 345 468 411 theoria
485 351 665 411 instructus
673 367 688 420 5
703 359 779 432 ergo
794 341 900 408 Titius
913 356 1087 430 praestat

227 432 374 501 Maeuio.
399 435 507 500 Facile
528 451 636 522 patet,
662 433 879 522 syllogismum
905 427 1086 502 biformem

226 521 257 585 ln
283 521 486 612 syllogismos
514 523 669 609 simplices
699 521 830 599 resolvi,
861 541 900 584 ac
930 521 1086 607 proinde

227 617 274 676 est
300 611 524 700 compendium
551 609 802 700 argumentandi.
815 639 817 644 ·
829 607 1086 696 Compendium

196 747 200 752 .
225 719 361 788 quoque
384 699 623 787 argumentandi
646 715 696 764 est·
714 699 800 764 aliuel
824 699 1081 786 argumentatio-

226 787 274 866 nis
307 808 427 876 genus,
455 788 543 872 quod
569 787 769 875 epicherema
794 785 992 874 appellatur,
1018 793 1077 852 a't-

224 889 292 960 que
333 875 407 940 nihil
438 877 524 942 aliud
556 894 628 955 est,
656 897 748 962 quam
780 876 1007 964 syllogismus,
1040 875 1076 942 iu

226 983 292 1048 qno
318 988 382 1029 non
410 968 512 1029 solum
542 981 604 1030 tres
628 961 1074 1052 propositionesesprimun·

226 1069 301 1127 tur,
333 1053 388 1117 sed
419 1053 561 1119 alterutri
592 1073 721 1140 quoque
747 1051 799 1117 vel
818 1051 947 1136 utrique
972 1071 1073 1137 prae·
1141 1109 1142 1118 2

226 1144 337 1206 missae
362 1145 511 1227 probatio
535 1139 729 1230 adiungitur.
753 1138 840 1206 Talis
863 1157 908 1223 est
926 1136 1004 1204 haec
1021 1163 1073 1207 ar*-

225 1230 439 1317 gumentatio:
470 1235 570 1311 omnis
592 1231 779 1294 substantia
802 1225 993 1318 spiritualis
1018 1243 1073 1298 esi
1141 1253 1142 1316 l

225 1319 444 1396 immortalrs;
467 1331 519 1384 'est
548 1323 631 1386 enim
660 1320 877 1406 corruptionis
901 1317 1073 1404 interpam

225 1407 290 1470 sed
312 1429 398 1473 mern
426 1409 584 1473 bominum
611 1419 661 1471 ert
687 1407 876 1472 substantia
900 1407 1073 1493 spiritua-

223 1491 294 1576 lis,
326 1518 425 1586 quum
453 1499 545 1562 morlo
573 1494 747 1585 spirituali
774 1508 952 1582 operetur:
968 1564 972 1572 .
990 1514 1071 1586 ergo

224 1601 315 1650 mens
338 1586 497 1650 hominnm
524 1600 573 1650 est
600 1579 806 1650 immortalis.
831 1577 986 1648 Contrahi
1015 1601 1072 1650 et-

225 1671 286 1736 iam
315 1675 487 1760 aliquando
523 1674 605 1738 solet
636 1671 884 1760 argumentatio,
913 1669 937 1734 si
968 1671 1071 1759 priori

225 1762 413 1848 syllogismo
442 1763 484 1826 ita
517 1761 720 1850 syllogismus
750 1761 829 1827 alter
856 1749 1067 1848 subiungitur,

160 1903 165 1910 .
224 1865 262 1912 ut
289 1851 399 1930 prioris
424 1851 599 1938 syllogismi
620 1850 782 1929 conclusio
806 1850 857 1912 liat
877 1849 974 1912 maior
997 1873 1068 1936 pos·

224 1933 361 2000 terioris.
384 1935 474 2003 Haec
499 1937 729 2026 argumentatio
756 1937 873 2002 dicitur
897 1935 1069 2026 prosyllo-

217 2025 357 2110 gismus.
393 2024 431 2089 E.
488 2075 494 2091 .
528 2030 626 2092 ontnis
654 2029 843 2092 substantia
876 2027 1068 2111 spiritualis

223 2119 275 2176 'est
308 2049 525 2192 immortafr'u
562 2113 624 2180 sed
661 2113 754 2179 Dens
786 2129 835 2180 est
875 2115 1067 2183 substantia

224 2203 434 2288 spiritualis.-
459 2226 534 2292 ergo
564 2203 657 2267 Deus
681 2219 732 2267 est
759 2199 953 2267 immortalis
964 2225 980 2278 ,·
1009 2203 1073 2271 sed

222 2311 314 2356 omne
348 2291 532 2358 immortale
561 2288 663 2376 finem
693 2290 818 2363 *labere
854 2311 914 2356 nou
938 2307 1068 2378 potest:
1141 2327 1142 2338 ¹

225 2399 302 2450 eruo
332 2377 425 2445 Deus
444 2379 545 2464 finem
576 2380 693 2444 habere
722 2401 782 2444 non
817 2392 935 2466 potest.
974 2379 1068 2449 Haeo

224 2465 313 2532 dicta
340 2468 410 2530 siut·
426 2467 468 2533 de
493 2468 784 2556 argumentatione3
813 2483 951 2532 ceterum
979 2472 1068 2539 mul,

223 2552 268 2621 'ta‘
286 2575 327 2624 ex
354 2556 475 2648 logicae
503 2558 668 2648 prooemio
697 2557 869 2647 repetenda
893 2571 976 2626 suut.
