2300 3506
197 183 289 347 iiim
317 268 528 368 explicantur
566 271 737 366 sphaerae
756 267 947 358 elementa,
988 279 1035 350 di

197 375 322 476 quibus
356 373 480 448 deinde
509 375 751 473 chronologiae
780 397 814 448 et
841 374 1037 449 kalendarii
1146 469 1147 480 ἵ

199 477 349 550 doctrina
372 476 517 550 derivari
531 476 629 551 solet.
662 478 760 550 Hanc
772 499 886 550 autem
902 477 1032 554 doctri-¹

127 633 129 639 -
196 605 274 652 uam
303 579 503 678 gravissimis
529 579 699 654 nonnullis
726 579 883 653 historiae
909 579 1031 654 Eccle‘l·
1146 653 1147 682 Ξ

196 681 343 756 siasticae
363 681 456 756 factis
479 683 623 756 brevitet
649 683 817 756 interdum
841 683 1030 763 illustrator
1138 731 1147 744 .=

193 787 256 858 has
268 788 360 858 eninr
379 785 599 859 institutiones
612 785 821 880 potissimum
839 789 945 875 scribo
963 787 1031 860 Eo
1146 789 1147 798 ’

130 975 133 982 Ι
196 888 385 964 clesiasticis
413 883 491 961 viris
507 912 541 962 et
564 915 673 962 sacrae
688 887 882 988 theologiae
898 889 1031 962 studio·

196 989 250 1064 sis
280 991 428 1065 Omnis
420 991 524 1108 igitur
541 1011 670 1065 nostrae
685 991 920 1090 philosophiae
937 999 1031 1064 ιιιιιι·1

197 1118 253 1166 ma
287 1093 330 1167 ad
367 1093 544 1168 veritatem
580 1095 819 1193 assequendam
852 1114 1032 1198 moresque

199 1193 432 1270 informandos
460 1206 602 1271 refertur
630 1217 734 1296 atque
761 1195 927 1295 dirigitur.
1019 1229 1022 1236 ι

276 1297 386 1374 Porro
420 1301 554 1374 hanc
545 1325 580 1374 ιιι
618 1298 758 1398 singulis
794 1296 1031 1396 philosophiae

198 1401 353 1499 partibus
383 1401 558 1476 tractandis
597 1406 737 1478 servabo
762 1404 960 1489 rationem,
991 1412 1034 1475 ut

199 1529 289 1604 quae
313 1504 355 1577 'ad
381 1505 499 1580 mentis
519 1505 693 1581 fircultates
719 1505 959 1602 perficiendas,
987 1503 1033 1578 ad

200 1633 323 1680 sacram
351 1608 559 1709 theologiam
582 1608 863 1708 intelligendam,
890 1605 932 1680 ad
961 1607 1035 1680 Re·

132 1727 134 1730 ’
198 1708 363 1809 ligionem
383 1711 635 1800 insinuandam,
661 1711 822 1784 tuendam
838 1731 940 1810 arque
955 1719 1033 1826 prpi-

199 1813 390 1910 pagandam
424 1814 611 1887 conducere
644 1823 833 1922 possunt,
844 1840 887 1886 ea
918 1811 1033 1888 omnia

199 1913 414 2013 diligenter
404 1915 571 2016 inquiram
597 1937 631 1989 et
646 1937 802 1990 accurate
819 1934 1030 2011 pertractemt

201 2041 290 2116 quae
307 2037 419 2090 autem
443 2039 520 2092 sunt
535 2019 680 2118 exiguae
704 2019 882 2106 utilitatis,
911 2019 1033 2092 leviter

198 2121 445 2237 perstringam
476 2141 510 2196 et
539 2123 686 2220 denique
715 2149 814 2196 vanas
846 2138 884 2198 ad
905 2119 1033 2195 futiles

199 2223 433 2341 quaestiones,
462 2225 516 2300 vel
535 2225 680 2300 breviter
696 2225 857 2311 referam,
881 2225 936 2299 vel
953 2244 1033 2298 oms

198 2325 281 2398 nino
319 2328 497 2409 omittam3
534 2331 598 2403 hae
620 2327 723 2402 renim
763 2327 931 2446 ignoranti
962 2347 1033 2402 non

197 2451 341 2518 nocent,
356 2430 411 2504 vel
426 2431 541 2506 saltem
556 2430 713 2504 scientem
726 2457 793 2525 non
805 2431 922 2506 iuvant
935 2435 1032 2528 mag·

197 2555 355 2626 nopete,
387 2532 492 2606 immo
515 2533 718 2633 plerumque
744 2532 897 2608 miseram
919 2533 1031 2608 rixan-

197 2630 233 2705 di
270 2633 518 2736 cavillandique
555 2634 729 2710 libidinem
767 2635 957 2760 ingerupt,
995 2649 1033 2710 et
1129 2629 1137 2706 J

196 2736 303 2808 multa
318 2738 440 2812 nescire
461 2761 587 2840 magna
613 2739 1032 2857 repausaturae&

195 2859 285 2912 certe
307 2839 333 2911 si
356 2841 466 2915 virum
498 2843 724 2942 quemlihet
715 2845 904 2942 ingenuum
929 2841 1032 2914 alter·

191 2941 341 3021 amianas
374 2969 582 3067 pugnaeque
627 2947 809 3023 verborum
850 2943 1028 3032 dedecent,
