2326 3438
224 197 311 251 orus
333 201 393 252 rtr.
417 199 580 254 roorcrs.
603 205 679 255 orn.
703 203 745 252 rr.
857 183 921 252 26t

84 270 161 338 elem
187 277 449 360 perniciosissima
476 277 610 344 lectione
635 273 924 343 arcendi-maximo

85 377 166 426 suut
187 364 320 428 studiosi
348 365 488 432 iuvenes.
519 365 636 452 Neque
658 365 752 430 eriam
772 361 840 428 sine
865 361 925 425 ali·-

88 469 155 536 qua
176 452 419 538 reprehensione
442 454 645 543 praetermitti
662 455 761 524 slebet
783 449 925 539 opposi-

90 551 160 602 tum
186 539 277 604 aliud·
304 541 447 618 viriumr
472 563 540 628 quo
569 543 604 605 fir
625 557 662 608 ut
684 539 779 629 aliqui
804 539 837 603 in
862 558 925 605 ex-

91 625 247 712 plicandis
263 628 360 694 rebus
375 629 622 719 philosophicis,
636 649 710 695 cunr
726 650 814 696 sacro
827 626 928 693 theo·

91 713 175 802 logia
191 735 232 780 ne
245 716 357 783 leviter
371 720 501 806 quidem
515 720 712 796 coniunctis,
727 720 810 782 varia
826 715 929 802 scrip-

93 815 239 868 turarum
265 821 298 870 et
325 803 378 871 85.
403 807 464 872 PP.
493 808 565 874 loca
589 807 779 893 abripiant,
812 821 849 868 ut
874 804 929 868 iu·

95 891 177 978 genii
205 893 328 980 proprii
360 897 544 963 senteutiam
571 897 769 961 confirment.
800 893 930 958 Huius·

94 979 184 1046 modi
204 999 291 1046 cette
305 1003 380 1048 suut
400 985 453 1048 illa
475 985 702 1070 scripturarum
724 983 821 1059 loca,
848 1001 930 1070 quae

94 1088 116 1136 a
138 1069 355 1154 peripateticis
379 1071 481 1137 afferri
505 1074 633 1153 solent,
659 1087 696 1136 ut
717 1070 826 1135 coelos
850 1069 931 1134 soll·

94 1155 159 1221 dos
174 1177 243 1231 ,esse
258 1158 482 1227 demonstrent.
506 1161 698 1229 Cavendum
712 1181 787 1248 ergo
802 1175 871 1236 est,
891 1179 933 1225 na

96 1265 256 1310 sacrarum
279 1247 453 1315 litterarum
482 1245 628 1316 divinitas
656 1248 811 1338 perversis
843 1249 932 1314 elusa

96 1333 185 1398 modi
201 1333 513 1422 interpretationibus
532 1339 681 1403 violetur.
709 1338 753 1401 At
775 1336 807 1398 in
822 1332 934 1422 philo-

96 1421 239 1509 sophicis
266 1425 491 1492 controversiis
512 1443 568 1492 aut
592 1425 680 1490 nulla
705 1425 934 1510 scripturarum

98 1511 274 1576 auctoritas
289 1512 392 1580 afferri
414 1512 538 1592 debet,
565 1530 621 1578 aut
646 1528 733 1578 certe
759 1510 848 1574 nullo
872 1511 936 1575 alio

99 1617 195 1670 seusu
209 1603 374 1686 usurpari,
401 1623 496 1690 quam
518 1599 559 1666 ab
581 1601 746 1679 Ecclesia,
774 1597 937 1678 Patribus,

79 1739 81 1742 .
98 1685 303 1776 meliorisque
314 1706 407 1755 notae
422 1688 647 1776 interpretibus
660 1701 852 1777 exponatur.
867 1687 939 1750 Au-

99 1774 223 1850 diamus
244 1777 275 1840 S.
291 1778 460 1866 Augustini
476 1797 680 1865 praeceptum
699 1775 872 1866 degeneri
889 1773 943 1842 ad

97 1861 253 1929 litteram
269 1893 280 1930 .·
307 1864 364 1934 loc
379 1865 606 1932 indubitanter
623 1863 797 1932 tenendum
812 1875 881 1942 est,
897 1885 938 1930 ne

100 1949 273 2042 quidquid
292 1957 460 2042 sapientes
487 1951 580 2020 totus
609 1951 726 2020 mnndi
749 1951 939 2020 denatura

101 2060 214 2106 return
234 2045 398 2109 veraciter
421 2041 646 2109 demonstrare
664 2043 858 2130 potuerint,
883 2061 942 2104 or·-

101 2126 304 2210 tendamus,
325 2135 447 2196 nostris
457 2127 553 2195 libris
570 2149 632 2194 non
647 2150 717 2194 esre
727 2129 939 2193 contrarium.

92 2213 284 2310 ‘Quidquid
301 2232 412 2284 aretem
431 2215 486 2284 illi
500 2221 534 2281 in
548 2220 618 2282 ruit
631 2214 844 2281 voluminibus
862 2237 944 2281 cott-
1046 2235 1069 2294 Τ

67 2351 69 2356 ,
103 2309 251 2371 trarium
270 2308 378 2372 sacris
390 2305 515 2372 litteris
530 2303 645 2372 docent
662 2348 672 2383 ‚
701 2305 769 2368 sine
784 2299 858 2367 nlla
873 2299 944 2368 du-

104 2392 267 2463 litatione
289 2392 463 2460 credamur
493 2391 533 2457 id
544 2389 770 2474 falsissimam
793 2411 888 2473 erse,
908 2402 944 2456 et

9 2483 12 2488 ’
104 2500 235 2570 quoquo
256 2481 348 2547 modo
367 2490 567 2570 ¹possuntne,
593 2484 694 2546 etiam
717 2475 944 2558 ostendomnr;
969 2521 980 2536 r

62 2575 66 2586 '
101 2583 212 2658 'etqrte
227 2570 278 2633 r'ta
293 2585 458 2635 tentamus
469 2565 576 2652 fidem
599 2567 737 2632 Domini
748 2567 877 2643 nostri,
907 2581 945 2633 nt
971 2615 980 2630 -.

107 2677 214 2745 neque
227 2654 347 2735 falsae
368 2655 591 2744 philosophiae
616 2653 820 2744 loquacitate
835 2653 946 2722 sedu-

5 2811 6 2820 ,
106 2763 224 2822 tamur
238 2785 259 2833 t
270 2760 378 2838 'neque
391 2743 567 2812 simulatae
584 2741 763 2832 Religionis
779 2745 948 2833 supersti-

110 2837 199 2910 tione
222 2847 418 2900 terreamur.
713 2855 714 2860 ¹
789 2861 795 2870 ³
934 2851 938 2862 ·

106 2963 115 2990 Α,
145 2916 218 3008 „Vo
243 2915 342 2994 ¹Inter
373 2919 479 2994 animi
503 2911 644 2996 aflectus
659 2916 949 3015 *praetermittendi
1038 2898 1041 2909 ’
