2298 3418
212 104 277 174 206
455 121 645 170 susumus.
671 119 809 168 enisos.

209 193 367 262 secundae
390 192 509 280 figurae
527 191 568 256 ad
590 189 722 279 primam
748 211 874 258 manere
895 191 1058 260 eamdem.

211 284 355 352 Similiter
370 283 444 367 quia
458 281 600 346 vocalem
615 279 741 345 tertiam
752 279 786 346 E
798 327 809 360 ,
838 279 923 344 nulla
940 281 1058 372 sequi-

210 390 263 440 tur
287 389 489 459 consonans,
518 369 656 456 ideoque
679 389 736 434 nec
761 369 987 458 significativa,
1015 370 1060 437 id

164 539 167 550 ἱ
210 461 326 528 indicio
340 476 413 537 est,
444 460 475 522 in
492 458 679 525 reductione
694 457 894 547 syllogismi,
924 459 978 544 qui
999 475 1061 524 est

210 551 243 614 in
266 549 363 614 modo
385 569 519 626 cesare,
546 569 565 611 a
581 545 718 612 secunda
737 547 839 636 figura
855 545 896 611 ad
913 547 1060 634 primam

212 638 339 706 retineri
359 635 502 704 eamdem
515 635 763 701 conclusionem.
793 636 842 700 Ex
856 633 918 700 hoc
938 656 1060 703 ertem-

213 729 271 818 plo
292 724 494 794 manifestum
513 741 585 804 est,
612 738 707 812 quam
727 723 826 789 multa
845 726 952 812 paucis
971 745 1060 791 con·
1145 716 1146 808 l

111 847 113 850 ·
212 820 369 883 tineantur
385 859 394 894 ,
409 836 458 882 *ac
473 813 608 900 proinde
629 811 823 890 laudandum
846 832 895 879 est
916 815 1059 881 maxime

212 905 412 996 praeclarum
441 903 520 970 illud
551 921 675 968 veteres
710 900 839 969 scholae
872 903 1059 982 artificium,
1145 915 1146 984 ,

214 993 376 1084 quidquid
392 991 500 1058 dicant
521 991 663 1056 nonnulli
685 992 898 1068 recentiores,
927 992 982 1080 qui
1007 992 1061 1060 rei

214 1085 384 1150 utilitatem
407 1101 471 1145 non
494 1083 566 1145 satis
592 1094 712 1145 attente
734 1079 982 1145 considerarunt.
1011 1080 1062 1145 Et

217 1172 347 1261 quidem
373 1170 442 1258 pari
461 1170 579 1235 tatione
602 1169 761 1233 contemni
784 1169 878 1234 etiam
901 1165 1062 1236 deberent

215 1279 299 1327 artes
310 1278 420 1326 omnes
434 1256 702 1324 clraracteristicae
716 1302 728 1335 ‚
758 1252 788 1321 i'n
803 1253 920 1361 quibus
935 1259 1062 1324 scilicet

143 1376 146 1381 ·
216 1348 417 1416 characteres
439 1365 472 1412 et
502 1346 616 1438 signa,
643 1346 827 1434 compendii
852 1367 944 1412 causa
966 1345 1062 1412 adhi-

215 1437 332 1506 bentur
345 1483 356 1516 ,
385 1450 418 1504 et
432 1452 519 1502 certa
543 1437 614 1524 lege
638 1432 810 1501 adrerum
832 1435 1063 1502 inveniendum
1146 1465 1147 1468 ¹

216 1527 462 1614 disponuntur,
490 1526 579 1590 utin
604 1519 821 1604 arithmetica,
851 1524 968 1610 inqua
992 1547 1064 1590 nu-

217 1617 320 1685 meria
348 1617 380 1682 in
400 1609 551 1704 algebra,
583 1611 615 1676 in
636 1633 699 1700 qua
725 1609 847 1680 litterae
873 1613 1062 1701 significant.

218 1705 311 1772 Hinc
329 1701 447 1770 facturn
477 1717 550 1781 est,
575 1713 619 1765 ut·
636 1699 801 1790 politiores
826 1703 918 1791 logici
933 1701 1064 1768 doctis·

220 1793 356 1880 nimique
383 1792 468 1866 viri,
494 1791 620 1856 Auctor
650 1788 726 1853 artis
751 1789 945 1878 cogitandi,
971 1791 1064 1856 Gra·
1147 1835 1148 1842 κ

221 1879 415 1956 vesandius,
443 1877 613 1958 Wolfius,
637 1875 866 1957 Bernoullius,
893 1877 1065 1945 Wallisius
1147 1877 1148 1943 ;

221 1971 337 2058 aliique
360 1965 513 2054 plurimi,
543 1966 802 2057 syllogismorum
824 1965 939 2032 modos
962 1987 994 2032 et
1018 1968 1068 2034 le·
1147 1965 1148 1968 ’

141 2089 148 2103 ·
223 2079 277 2149 ges
299 2073 447 2122 accurate
470 2049 585 2122 fuerint
608 2057 782 2142 prosecuti.
811 2054 921 2134 Quare
943 2055 1069 2122 etiamsi
1147 2113 1148 2116 ,

211 2137 562 2224 deosculationes,
590 2140 705 2230 quibus
734 2159 822 2210 certe
846 2143 1067 2230 abundamus,

225 2236 301 2304 satis
325 2251 431 2301 tamen
447 2249 528 2302 esset
541 2248 705 2298 tantorum
725 2232 866 2297 uirorum
882 2233 1071 2313 auctoritas,

227 2345 324 2415 quam
359 2320 487 2411 quidem
520 2320 708 2408 importunis
743 2320 955 2388 recentiorum
982 2341 1071 2409 quo·

227 2411 375 2482 rumdam
404 2409 542 2499 querelis
560 2409 657 2499 longe
682 2409 916 2500 anteponimus.
