2326 3438
225 143 290 212 noa
412 181 433 196 .‚
466 161 663 231 ιιιετιιὟτ.Ι
677 157 816 209 sttruos.
836 171 861 186 ··

223 255 291 299 ¹non
306 248 355 300 est
369 231 520 300 vilissima
535 275 551 312 ¹,
576 249 609 302 et
626 248 731 298 tamen
745 226 994 319 frequentissima
1006 243 1064 294 et·

223 341 334 387 rorum
355 341 473 399 causa,
500 321 617 386 scilicet
639 321 783 408 propriae
800 319 941 384 utilitatis
958 335 991 382 et
1007 316 1066 381 lu‘-
1148 365 1149 372 r

226 411 271 474 cri
286 409 492 474 immoderata
505 411 675 498 cupiditas.
700 409 751 474 Ex
768 407 829 472 hoc
846 408 923 470 vitio
937 405 997 483 lit,
1025 421 1066 470 nt

224 497 323 586 aliqui
348 519 388 562 ex
408 497 555 562 omnibns
579 497 712 564 scientiis
734 495 848 582 aliquid
864 496 971 560 leviter
993 491 1068 558 de·-

223 585 350 666 li'bent,
381 585 480 651 multa
503 588 632 674 legant,
662 586 760 652 multa
775 584 942 650 memoriae
963 601 1067 644 man·-

222 673 321 752 dent,
351 691 555 762 mentemque
584 675 765 761 opprimant
798 673 874 752 ideis
903 665 1063 748 confusis,
1148 727 1149 746 1

116 757 121 768 ’
222 778 255 832 et
282 763 348 828 sine
371 763 485 830 ordine
514 764 701 852 congestis,
731 765 810 851 quis
836 759 960 849 quidem
990 775 1066 845 op'-
1148 839 1149 844 ἵ

151 849 153 852 ’
221 866 359 934 portune
385 869 417 918 et
441 853 624 940 importune
650 851 818 926 iactitant,
843 865 879 916 ut
905 845 1065 934 imperitis

220 937 403 1004 hominibus
435 938 545 1005 ‘fucum
576 937 732 1019 >faciant‚
769 938 892 1026 sibique
925 934 1063 1024 gloriam

221 1042 254 1094 et
279 1028 403 1097 lucrum
434 1027 602 1116 abripiant.
633 1028 677 1092 Hi
705 1049 832 1092 omnem
860 1025 1059 1112 ignorantiae

218 1117 359 1203 speciem
380 1114 521 1204 effugere
545 1116 699 1184 laborant.
727 1116 758 1180 Si
782 1114 822 1182 de
847 1113 976 1180 scientia
995 1111 1060 1178 alr-

220 1224 283 1288 qua
307 1225 411 1269 sermo
437 1204 608 1285 inciderit,
637 1225 734 1292 qnam
759 1223 835 1292 prae
859 1201 974 1290 ingenii
998 1202 1056 1264 im·

220 1289 396 1358 becillitate
429 1313 469 1358 ne
497 1295 652 1382 attingere
683 1292 811 1381 quidem
848 1290 960 1357 leviter
988 1310 1058 1377 po-

221 1394 374 1458 tuerunt,
404 1378 488 1446 hanc
516 1381 678 1448 fastidiose
704 1395 942 1456 contemnunt,
967 1376 1059 1462 quasi

219 1467 251 1535 in
283 1467 393 1534 studiis
428 1467 503 1534 nihil
537 1473 577 1534 sit
612 1469 719 1549 utile,
752 1467 830 1532 nihil
858 1465 1058 1533 laudandum

220 1573 349 1646 praeter
377 1554 436 1636 id,
461 1558 551 1644 quod
584 1558 643 1646 ipsi
677 1575 806 1624 norunt.
833 1555 886 1620 Ex
912 1553 972 1618 hac
1000 1575 1060 1620 ea·

193 1645 295 1714 wdem
312 1665 414 1746 causa·
431 1667 580 1734 persaepe
603 1647 637 1710 lit
651 1687 663 1724 ,
688 1664 723 1712 nt
734 1637 837 1733 'aliqui
855 1644 964 1708 ‘omnia
980 1641 1057 1708 lau*-
1148 1677 1149 1682 ι

221 1734 297 1800 dent
309 1778 320 1812 ,
334 1735 449 1798 nemini
464 1733 707 1811 contradicant,
722 1751 755 1800 et
769 1733 954 1822 praesertim
967 1733 1059 1818 prin·

216 1819 344 1907 cipibus
359 1819 431 1886 viris
447 1868 457 1899 ,
481 1837 579 1908 atque
589 1821 653 1886 hoc
666 1821 745 1887 illud
756 1839 803 1886 est
816 1821 927 1886 vitium
940 1865 949 1898 ‚
964 1819 1058 1908 quod

187 1979 189 1983 ,
220 1909 457 1996 obsequiositat
482 1910 548 1976 sive
574 1909 813 1998 complacentia
840 1908 900 1974 dici
932 1925 1057 1996 potest,

221 2017 302 2085 quae
324 2015 401 2062 sane
422 1996 555 2063 fortunis
570 1997 803 2084 amplificandis
823 1996 1056 2062 accommoda-

221 2086 286 2150 tior
316 2101 395 2163 est,
428 2087 485 2152 sed
512 2088 605 2152 menti
635 2086 768 2152 exitialis
802 2099 835 2156 'et
864 2087 1056 2176 perniciosa.

222 2173 298 2244 Vix
326 2173 408 2240 enim
431 2175 495 2240 lieri
520 2191 652 2262 potest,
682 2187 717 2242 u't
739 2191 828 2240 tanta
851 2174 882 2238 in
910 2173 1057 2240 sermone

222 2258 370 2330 conlusio
392 2261 524 2328 similem
543 2263 572 2326 in
592 2281 728 2328 mentem
745 2259 973 2328 ‘confusionem
990 2283 1057 2326 non

222 2353 334 2438 pariat.
367 2350 510 2418 Necesse
525 2349 655 2437 quidem
675 2371 740 2415 non
758 2367 831 2427 cst,
861 2367 898 2415 ut
914 2350 947 2416 id
963 2373 1059 2418 omno

222 2440 464 2525 vituperemus,
491 2438 582 2527 quod
611 2441 764 2506 cernimus
792 2439 953 2527 vituperio
984 2439 1058 2529 dig*

222 2548 333 2601 numa
355 2545 482 2592 necesse
506 2542 612 2600 tamen
633 2527 764 2592 omnino
777 2545 859 2605 -est,
885 2542 923 2591 ut
943 2527 976 2593 id
992 2544 1059 2595 uso-

224 2615 291 2680 lum
308 2613 502 2694 laudemus,
533 2615 624 2702 quod
642 2633 690 2682 est
704 2637 811 2688 revera
827 2612 996 2682 laudabile.
1036 2629 1039 2634 '

267 2700 337 2771 Vl.
383 2701 692 2793 Superest'tandem
715 2704 821 2768 ultima
849 2704 973 2770 errandi
999 2723 1062 2769 on-

222 2791 308 2855 casio
324 2787 343 2871 ,'
364 2813 459 2877 quam
490 2793 625 2856 incautis
654 2790 831 2858 hominibus
859 2789 948 2858 facile
964 2811 1064 2880 *prse-

220 2877 300 2948 bent
313 2882 520 2950 sensationes.
536 2919 538 2926 =
556 2877 718 2950 Innumeti
730 2893 904 2951 suntcasns
913 2923 924 2963 ,
940 2881 1063 2971 inqui-

1149 2977 1151 2994 Ι

1149 3035 1151 3052 l
