2246 3412
155 128 221 190 tta
405 128 609 176 'antrum
632 129 774 176 tureos.
848 133 852 143 ·

155 197 406 278 determinatur,
424 198 507 265 foret
522 199 691 264 necessitas
707 195 930 274 antecedens,
946 209 1059 283 utpote

155 311 239 376 quae
254 290 391 353 oriretur
405 311 444 354 ert
461 289 615 376 principio
638 289 860 352 antecedente.
893 285 1059 350 Praeterea

153 375 274 454 homo,
290 380 342 460 qui
357 379 447 442 sedet
455 424 468 456 ,
482 393 591 464 potest
606 397 754 464 surgere,
770 395 827 438 nec
843 389 898 439 est
917 397 1057 443 necessa·

154 465 203 528 tio
217 463 442 530 determinatus
460 465 501 530 ad
518 465 692 530 sedendum
709 486 762 550 pet
779 463 924 550 aliquod
942 463 1057 550 princi·

152 554 242 644 pium
259 557 437 620 necessario
456 561 666 638 praemonens
682 555 721 618 ad
739 551 940 619 sedendum.
962 551 1050 620 Vnde

152 661 263 732 potest
284 643 420 726 priorem
449 641 742 709 determinationem
774 640 912 706 liberam
944 657 1049 705 mutare

153 751 216 818 pro
244 729 358 795 lubitu.
383 733 427 795 At
451 729 550 795 homo
580 729 715 819 physice
743 729 1046 816 praedeterminatut

153 818 195 884 ad
212 818 367 906 agendum
378 819 484 899 ,Μῦς
501 819 875 908 praedeterminationem
896 839 968 882 non
983 834 1048 906 pot*

155 903 204 972 est
219 927 388 988 amovere,
402 929 504 996 quum
517 907 557 972 ab
570 910 643 997 ipso
659 929 723 972 non
737 907 879 995 pendeat
892 931 904 984 ;
923 907 996 995 quia
1009 907 1048 968 si-

155 1012 211 1061 cut
222 996 303 1062 iliius
319 998 497 1084 praesentia
509 1043 518 1077 ,
532 999 574 1064 ita
582 1015 613 1063 et
621 997 820 1062 absentiaest
830 994 1046 1083 independens

155 1086 368 1150 aroluntate.
395 1085 483 1176 Ergo
500 1109 537 1153 ea
553 1085 733 1176 praemotio
757 1083 949 1152 libertatem
967 1106 1051 1176 pror·

157 1175 375 1240 tusdestruir.
800 1214 802 1222 ι

193 1289 197 1298 ·
224 1262 403 1348 Reponunt
418 1263 605 1339 themisten,
623 1261 867 1328 indifferentiam
884 1260 1047 1350 positivam

157 1371 319 1418 remanere
336 1351 522 1436 posse¹cum
544 1351 804 1418 determinatione
822 1353 951 1418 actuali
969 1351 1052 1417 etiam

157 1439 382 1517 antecedenti3
397 1439 663 1528 quemadmodum
677 1441 773 1506 homo
788 1443 918 1528 sapiens
930 1455 977 1507 est
987 1446 1056 1504 actu

159 1545 193 1594 et
211 1530 434 1596 antecedenter
448 1527 675 1594 determinatus
697 1530 737 1596 td
759 1532 857 1594 vitam
874 1549 969 1595 suam
980 1549 1048 1591 con·

158 1618 367 1697 servandam,
392 1635 423 1683 et
446 1635 548 1682 tamen
571 1618 603 1682 in
625 1641 658 1684 se
680 1619 772 1684 sentit
794 1619 979 1704 potentiam
993 1635 1050 1682 sese

160 1707 364 1794 praecipitem
381 1707 511 1803 agendi,
525 1715 618 1796 qua'm
629 1727 715 1774 certe
728 1725 885 1797 repugnat
899 1710 946 1775 ad
960 1723 1053 1772 actum

159 1792 272 1860 seduci
288 1795 319 1858 in
348 1817 442 1861 sensu
469 1796 667 1880 composito,
695 1819 748 1862 sen
773 1794 932 1882 quamdiu
958 1811 1057 1863 mente

161 1903 257 1948 tantas
271 1885 339 1950 erit.
358 1883 637 1963 Quemadmodum
656 1906 732 1974 ergo
746 1885 844 1948 homo
863 1885 995 1973 sapiens
1017 1899 1059 1952 est

106 2051 108 2057 ¹
160 1974 386 2038 antecedenter
402 1971 622 2039 determinatus
638 1973 789 2038 advitam
805 1973 1060 2039 conservandam

163 2060 226 2138 ita',
243 2079 277 2124 ut
289 2061 496 2128 certissimum
504 2061 564 2140 sit,
579 2059 664 2140 fore,
680 2079 715 2126 nt
729 2064 939 2149 semetipsum
953 2065 1057 2128 soient

163 2167 262 2238 utque
276 2147 382 2215 lubens
401 2171 465 2214 nnn
477 2150 622 2228 occidat,
635 2169 666 2215 et
679 2171 783 2217 tamen
799 2150 878 2216 iiber
892 2171 946 2216 est
961 2153 1001 2218 ad
1012 2173 1060 2217 se·

161 2239 332 2325 metipsum
347 2241 578 2316 occidendumt
595 2243 639 2303 sic
657 2239 752 2306 etiam
776 2239 851 2309 licet
877 2239 974 2304 bomo
995 2237 1054 2303 tub

162 2326 649 2418 praedeterminatioue·physica
670 2329 714 2394 sit
731 2329 774 2394 ad
789 2328 954 2416 agendum
966 2347 1056 2394 aute-

159 2418 317 2482 eedemer
332 2417 575 2495 determinatus,
591 2413 705 2484 fruitur
719 2439 842 2506 temper
857 2416 1010 2486 libertate
1023 2417 1061 2486 ad

161 2509 428 2594 armageddom:
469 2510 497 2543 ⁵

137 2605 139 2610 ·
186 2643 188 2648 .
233 2594 293 2658 Sed
308 2593 526 2660 thomistarum
540 2591 709 2660 adversarii
724 2595 946 2675 contendunt,
961 2597 994 2662 in
1007 2595 1065 2661 ho·

168 2681 251 2745 mine
267 2703 343 2742 sano
355 2703 386 2747 er
404 2684 544 2768 sapiente
561 2683 676 2746 nuliam
692 2705 759 2747 esse
773 2681 954 2748 libertatem
975 2687 1016 2752 ad
1033 2707 1064 2754 se

167 2768 271 2854 ipsum
285 2770 513 2848 occidendum
529 2773 600 2836 licet
617 2771 713 2852 humo
725 2773 775 2836 iiie
791 2771 892 2858 possit
908 2773 1065 2861 deinceps

168 2855 321 2932 insanire,
340 2874 373 2918 et
389 2859 588 2946 semetipsum
610 2860 764 2926 occidere.
781 2861 865 2924 Nam
881 2857 988 2926 homo
1003 2884 1067 2929 non

167 2941 310 3028 estliber
331 2944 369 3005 ad
393 2947 649 3032 prosequendum
678 2949 814 3026 malum,
839 2969 904 3034 qua
934 2952 1068 3030 rnaium;

168 3027 227 3091 red
241 3032 409 3114 moratiue
428 3034 493 3101 ulio
504 3038 732 3105 «emolumento
741 3059 755 3118 5
770 3039 831 3120 tine
850 3036 918 3103 utta
942 3042 1068 3120 ramus
