2264 3420
123 105 130 120 ·
192 95 198 110 “
286 105 372 152 anter
394 105 425 152 11
449 105 603 152 ιιιιιιιι.
627 105 703 151 nan.
729 103 770 152 ιι.
923 107 964 178 73

4 215 10 251 ·.
50 201 53 208 ·
78 171 179 262 poris
210 177 410 241 resecandam
440 193 494 240 aut
523 173 753 266 pungendam,
779 173 884 252 nullut
912 193 967 242 aut

4 331 9 338 ,
82 261 156 328 fere
172 264 274 328 nullus
299 265 431 330 sentitur
447 263 540 328 dolor
558 307 567 344 ‚
609 265 640 328 ui
656 263 773 328 scilicet
790 263 895 332 nullus
911 280 967 331 aut

4 393 9 430 ;
85 349 157 416 fere
173 353 276 423 nullus
291 355 436 442 pervenit
449 369 553 418 motus
565 288 605 418 ad
621 351 849 420 extremitatem
863 351 965 434 nervi,

4 485 6 520 ᾗ
84 461 170 528 quae
188 443 279 506 estin
295 439 438 506 cerebro.
455 461 494 506 ιι.
510 439 538 504 Si
553 440 647 528 quis,
661 460 697 506 ut
713 441 887 528 aliquando
899 466 969 512 ere·

80 528 156 606 nit,
180 529 243 596 alte
257 525 389 596 'defixus
407 529 443 594 sit
462 531 492 594 in
511 528 645 614 aliquam
662 528 907 616 cogitationem,
932 525 968 596 u't

81 617 260 705 plurimum
278 641 344 684 non
360 619 494 706 percipit
508 618 632 685 obiecta
648 637 799 696 externa,
815 641 896 708 quae
911 636 966 684 ta-

82 727 158 771 men
175 703 294 774 feriunt
311 728 419 774 sensus
446 707 527 772 illius
544 723 690 774 externos
707 751 716 783 ‚
734 707 807 794 quia
824 709 968 774 nimirum

83 811 167 858 tnnc
185 797 274 862 nervi
288 797 330 862 ita
346 815 416 862 sunt
428 795 533 873 tensi,
563 814 675 858 utnon
694 795 844 860 admitanr
871 795 968 864 alium

82 901 240 962 motum,
264 906 428 971 quomens
453 884 679 952 determinetur
701 882 742 948 ad
765 883 969 972 percipienda

84 971 222 1036 obiecta
238 991 376 1038 externa.

162 1057 247 1124 Inst.
292 1061 522 1148 Quaecumque
544 1083 616 1150 pars
645 1059 786 1148 corporis
812 1059 967 1140 laedatur,

90 1146 199 1212 anima
213 1149 342 1236 percipit
357 1151 499 1216 dolorem
515 1147 611 1216 veluti
632 1149 830 1214 exsistentem
857 1147 889 1212 in
916 1147 969 1216 ille

21 1231 24 1238 ‘
88 1234 162 1323 ipsa
177 1257 264 1325 parte
275 1241 433 1326 corporis,
448 1260 529 1324 quae
543 1235 674 1301 laeditur
685 1258 694 1314 ;
707 1259 782 1324 ergo
795 1259 882 1302 mens
893 1257 969 1324 pro-

86 1323 177 1390 xime
191 1348 339 1412 praesens
353 1348 397 1394 est
409 1326 488 1412 parti
501 1323 627 1389 cuilibet
638 1327 791 1410 corporis.
806 1325 907 1414 Resp.
917 1325 966 1392 N.

88 1435 181 1484 cons.
197 1414 351 1494 Quamvis
377 1419 457 1481 enim
486 1413 678 1500 percipiatur
693 1411 732 1477 ab
761 1414 860 1478 anima
874 1415 968 1480 dolor

88 1502 182 1568 velnt
206 1504 360 1572 exsistens
375 1503 406 1566 in
431 1523 629 1589 quacumque
649 1503 812 1566 vulnerata
823 1501 967 1588 corporis

86 1608 207 1678 parte,
233 1613 297 1656 non
314 1609 416 1658 tamen
430 1593 528 1656 anima
543 1590 688 1656 dolorem
706 1588 838 1676 percipit
853 1591 882 1653 in
915 1589 968 1656 illa

45 1741 68 1773 ·
87 1679 160 1767 ipsa
184 1683 329 1768 corporis
351 1700 464 1768 parte,
494 1701 575 1764 quae
592 1677 738 1742 laeditur.
765 1677 809 1742 Et
839 1679 969 1766 quidem

38 1799 44 1810 ·
92 1787 207 1834 caecus
227 1766 343 1834 baculo
368 1769 536 1856 explorans
564 1767 691 1830 obiecta
711 1783 862 1846 externa,
885 1790 968 1855 pro-

42 1873 45 1876 ·
93 1858 243 1942 prietates
272 1858 456 1923 eorumdem
483 1853 805 1944 liquiditatemv.g.·‚
836 1857 887 1920 vel
903 1857 967 1922 du·
1004 1909 1009 1920 .

92 1943 196 2010 ritiem
230 1947 362 2032 percipit
396 1961 537 2010 extremo
573 1942 720 2021 baculo,
756 1965 793 2008 ac
824 1963 968 2010 extremo

73 2033 125 2100 rin
141 2031 256 2096 baculo
271 2035 357 2099 velut
372 2032 570 2098 exsistentem
590 2032 852 2118 quodammod03
877 2053 970 2100 nemo

90 2137 201 2187 tamen
217 2120 353 2200 dixerit,
368 2121 501 2186 animam
519 2119 651 2185 hominis
668 2123 752 2186 caeci
776 2121 910 2188 residere
936 2123 968 2186 in

95 2207 292 2276 extremitate
308 2208 423 2276 baculi.
440 2210 490 2274 Sic
507 2207 600 2275 etiam
615 2211 754 2294 quamvis
777 2209 878 2272 anima
894 2231 968 2296 per-

46 2371 48 2374 ,
93 2299 193 2385 cipiat
209 2299 415 2364 sensationem
432 2297 592 2384 aliquam,
609 2318 638 2359 u.
656 2319 685 2384 g.
701 2296 812 2360 caloris
829 2311 882 2360 aut
911 2292 970 2358 fri·

95 2387 178 2477 goris
204 2387 292 2452 velut
320 2390 519 2452 exsistentem
548 2386 576 2447 in
608 2403 750 2450 extremo
790 2383 889 2472 digito
915 2400 970 2447 aut

96 2471 238 2562 qualibet
252 2475 350 2541 altera
364 2473 508 2561 corporis
524 2489 635 2560 parte,
651 2494 713 2536 non
727 2471 846 2537 idcirco
868 2471 971 2548 anima

97 2563 231 2630 dicenda
255 2580 303 2630 est
326 2586 420 2650 agere
438 2560 605 2629 inmediate
631 2563 661 2624 in
683 2579 855 2628 extremum
884 2563 971 2652 digi-

95 2667 165 2716 tum
179 2698 187 2729 ,
201 2671 232 2716 et
244 2653 274 2716 in
287 2673 325 2716 eo
338 2653 480 2739 proxime
494 2651 654 2738 percipere
667 2652 873 2716 sensationem
886 2698 894 2728 ‚
908 2672 971 2738 qua

97 2742 253 2808 adficitur.
275 2741 387 2806 Motus
410 2740 552 2804 nimirum
565 2757 706 2804 extremo
721 2739 818 2828 digito
834 2741 971 2828 primurn

97 2825 973 2913 communicatus,postmodumpernervosadcerebrum

99 2915 227 2984 diffusus
252 2915 395 3002 pervenit
417 2914 457 2979 ad
470 2917 588 2980 animae
612 2913 737 2989 sedern,
762 2914 817 2979 ubi
842 2915 876 2977 lit
897 2933 973 2976 sen-

100 3006 314 3092 sati0,quam
342 3021 446 3066 tamen
472 3003 573 3066 anima
603 3000 788 3066 naturaliter
816 2997 912 3063 refert
934 2996 977 3064 ad
