2298 3418
186 259 190 266 .
231 196 319 246 enus
341 197 400 246 tn.
425 193 591 245 tootctn.
614 195 691 246 cnr.
713 193 741 246 t.
854 203 919 274 ¹9⁹

56 262 125 330 sed
138 270 243 336 omnis
258 271 402 358 spiritus
416 282 468 334 est
482 265 700 336 indrvrstbtlts
717 293 728 334 .·
749 287 826 360 ergo
841 269 918 339 nul·

60 351 121 418 lus
144 360 292 442 spiritus
315 370 366 424 est
391 369 566 422 extensas.

129 444 176 510 Sit
210 447 296 513 alter
327 444 556 535 syllogismusr
587 463 676 512 omne
709 443 917 602 triayulum

60 527 160 596 haber
182 547 262 602 tres
284 531 423 626 angulos
434 555 450 610 ,·
482 529 545 600 sed
560 528 686 598 nullum
711 555 777 626 qua
806 549 918 604 ratem

59 614 159 685 babet
180 619 446 712 tresangu1053
474 641 552 708 ergo
567 618 693 686 nullum
711 622 918 715 quadratum

58 709 373 802 esttriangulem5
402 709 606 801 syllogismus
626 710 701 790 ille,
728 713 781 797 qui
798 711 918 781 dicitur

58 813 128 860 esse
158 795 197 864 iu
228 813 419 879 camene,
445 816 615 865 revocatur
637 797 678 863 ad
704 798 835 866 modum
858 825 918 869 ce·

59 878 176 950 larem
204 886 362 976 inprims
391 887 518 976 figura,
543 888 567 950 si
591 888 664 951 loco
690 888 816 954 maioris
843 911 919 976 pro·

61 973 240 1055 positionis
260 976 417 1041 scribatur
441 975 686 1062 aequipollens:
717 973 919 1067 niellafigu·

59 1079 103 1122 ta
118 1103 130 1137 ‚
160 1083 255 1151 quae
268 1087 330 1132 non
343 1063 442 1130 habet
461 1081 532 1130 tres
547 1062 686 1154 angulos
702 1109 711 1142 ‚
738 1081 790 1131 est
804 1073 918 1134 trian-

57 1145 221 1232 gulum
251 1152 314 1220 sed
338 1149 465 1220 nullum
492 1151 696 1242 quadratum
724 1152 822 1220 habet
850 1172 920 1223 tres

63 1236 245 1388 αηῗιιὶοε]
272 1261 348 1332 ergo
363 1237 490 1308 nullum
516 1243 721 1333 quadratum
736 1257 786 1310 est
806 1248 921 1314 trian'-

61 1341 109 1410 gu
127 1349 197 1392 um.

134 1415 184 1480 Sit
208 1415 423 1508 syllogismus
450 1414 482 1482 in
507 1413 660 1496 festiue:
691 1414 787 1490 nulla
813 1423 921 1490 virtus

70 1497 235 1570 hominum
251 1507 418 1571 malitiam
433 1509 562 1571 excitat
576 1527 591 1583 ;
608 1505 671 1572 sed
682 1505 850 1594 quaedam
864 1513 922 1575 in-

70 1585 251 1680 dulgentia
279 1593 439 1659 hominem
466 1590 632 1670 malitiam
656 1595 814 1674 excitas,-
843 1615 921 1684 ergo

72 1681 244 1764 quaedam
258 1680 468 1771 indulgentia
483 1695 608 1748 nonest
625 1683 735 1748 uirtus
746 1701 762 1759 ς
791 1683 843 1746 hie
859 1691 923 1748 au-

75 1781 136 1832 tem
166 1771 334 1838 reducitur
353 1770 395 1836 ad
418 1769 550 1841 modum
568 1768 687 1850 serio,
714 1769 788 1835 loco
816 1771 923 1836 maio-

29 1921 31 1924 .
75 1855 112 1920 tis
126 1859 301 1937 scribendo
316 1858 397 1950 hanc
414 1853 685 1950 aequipollentem
701 1881 712 1938 ;
737 1857 821 1927 nihil
834 1858 928 1954 qnod

76 1944 244 2014 malitiam
272 1951 432 2028 excitat,
459 1962 511 2014 est
540 1950 659 2015 virtus.
907 2011 910 2018 .

142 2036 291 2104 Tandem
317 2037 356 2102 sit
381 2035 589 2128 syllogismus
612 2039 643 2102 in
664 2037 807 2103 bareto.-
835 2059 925 2104 omne

79 2123 284 2214 triangulum
301 2123 398 2192 haber
413 2141 483 2192 tres
496 2123 637 2214 angulos
645 2145 660 2201 ,·
685 2123 748 2189 sed
758 2123 924 2214 quaedam

71 2205 104 2290 fi
128 2235 210 2280 urae
226 2235 287 2280 non
301 2213 420 2286 habent
438 2229 508 2281 tres
531 2210 696 2301 angulos:
726 2232 763 2276 er
786 2232 925 2300 oquae-

82 2231 160 2367 diem
174 2299 311 2391 figurae
339 2324 402 2369 nort
421 2315 497 2370 sunt
516 2295 704 2391 triangula.
773 2301 800 2362 ic
826 2319 925 2366 reto-

83 2405 175 2456 catur
212 2389 254 2456 ad
280 2390 413 2457 modurn
431 2389 524 2473 ferio
553 2390 584 2454 in
610 2387 709 2476 prima
740 2387 867 2476 figura,
898 2388 924 2453 si

84 2473 155 2543 loco
172 2479 296 2546 maioris
318 2477 529 2546 substituatur
553 2473 799 2565 aequipollens:
820 2474 926 2564 ¹nulla

77 2559 192 2654 figura
210 2573 231 2648 ‚'
248 2587 336 2659 quae
362 2589 424 2636 non
456 2565 556 2634 habet
583 2581 653 2634 ms
680 2561 848 2658 angulos,
876 2579 926 2633 est

85 2653 306 2746 triangulum.
523 2707 525 2712 .

128 2746 199 2814 Vl.
246 2741 287 2810 In
311 2742 404 2810 tertia
426 2743 525 2834 ligura
541 2743 643 2810 rninor
659 2757 706 2808 ost
721 2761 850 2830 semper
873 2739 927 2808 af·

15 2845 16 2848 ’
88 2829 234 2899 firmativo
251 2880 263 2913 ,
289 2849 322 2900 et
336 2833 500 2899 conclusio
517 2831 714 2922 particularis
729 2852 738 2909 ;
763 2831 849 2896 modi
865 2854 926 2898 ve·-

87 2939 121 2987 to
150 2939 223 2990 sunt
248 2943 306 2988 sex
332 2917 380 2987 his
410 2921 544 2989 vocibus
562 2916 745 3012 exomni,
772 2919 926 3010 darapti,
