2298 3418
165 159 169 176 ‘
206 151 285 218 '20²4
460 158 643 210 susurrum.
677 161 815 210 curros.
890 223 893 229 r

215 245 292 314 gans
309 253 320 309 ς
348 233 404 300 sed
418 230 638 300 conclusiones
653 232 875 298 universaliter
889 224 1054 300 affirmab-
1072 304 1079 312 ,

214 331 262 382 res
285 321 315 384 in
341 322 440 389 modo
461 322 636 398 barbara,
664 321 879 388 universaliter
901 340 1054 410 negantes

200 403 243 464 'ln
276 410 373 474 modo
400 410 574 485 celarent,
604 410 837 499 particulariter
862 427 917 476 aut
946 412 1057 499 singu·

212 491 317 562 letires
346 497 537 566 affirmantes
563 498 594 562 iu
621 499 719 564 modo
746 498 861 577 darii,
888 517 919 563 et
948 501 1058 587 parti-

212 584 357 651 culariter
392 609 447 655 aut
481 588 676 675 singulariter
710 605 860 676 negantes
893 588 922 650 in
955 587 1055 654 modo

201 667 294 748 ferio
322 674 511 744 inseruntur.
541 676 651 754 Quum
683 675 789 760 itaque
814 675 993 765 syllogismi
1022 677 1056 745 in

211 759 312 845 prime
338 765 436 853 figura
456 764 600 832 omnibus
624 763 880 830 conclusionibus
908 762 1056 831 inferen-

211 847 259 912 dis
295 850 479 934 sufficiant,
509 856 581 920 satis
609 873 678 920 esse
705 854 822 941 poterit
855 853 922 918 sola
954 855 1055 940 prima

210 935 322 1026 figura.
350 944 541 1034 Syllogismi.
558 959 663 1008 autem
687 941 719 1006 in
737 942 802 1006 aliis
832 942 939 1032 liguris
968 961 1054 1006 con-

208 1027 336 1094 siderari
355 1052 514 1118 possunt,
542 1050 703 1118 tamquam
719 1030 894 1118 syllogismi
909 1032 1057 1120 cryptici·

209 1117 329 1198 primae
349 1121 489 1209 figurae,
517 1136 549 1186 et
570 1121 611 1184 ad
631 1141 700 1184 eam
725 1119 834 1184 reduci
865 1117 956 1184 facile
977 1141 1055 1205 pos·

209 1215 302 1284 sont,
319 1210 460 1276 eruendo
472 1231 512 1276 ex
526 1207 704 1298 praemissis
717 1207 854 1276 medium
871 1208 1054 1289 terminum,

123 1327 129 1348 s
209 1311 242 1358 et
259 1294 427 1363 formando
442 1297 666 1390 syllogismum
680 1296 711 1359 in
727 1297 902 1374 barbara,
931 1299 955 1360 si
969 1317 1058 1362 con-

209 1383 311 1448 clusio
324 1386 364 1451 sit
380 1387 561 1454 universalis
575 1383 731 1450 affirmans
747 1407 757 1462 ;
780 1387 812 1449 in
830 1383 1003 1464 celarent,
1030 1386 1056 1452 si

200 1473 374 1540 'conclusio
396 1477 436 1541 sit
458 1475 640 1542 uniuersalis
660 1495 776 1562 negans
796 1497 806 1550 ς
834 1473 867 1537 in
882 1469 998 1551 da'rt'i',
1027 1475 1054 1540 si

207 1563 372 1630 conclusio
401 1566 441 1630 sit
467 1562 666 1652 particularis
695 1565 754 1629 vel
777 1562 939 1650 singularis
968 1561 1055 1628 affir·
1139 1619 1140 1622 ,

210 1671 324 1730 mans;
353 1654 384 1716 in
397 1653 514 1734 ferio,
544 1655 568 1719 si
596 1651 760 1718 conclusio
782 1651 823 1716 sit
849 1650 1052 1738 particularis
1139 1649 1140 1654 ’

209 1744 262 1806 rel
278 1742 441 1831 singularis
465 1763 596 1832 negans.
626 1742 656 1806 Si
671 1759 777 1806 autem
792 1741 822 1804 in
845 1739 1053 1818 conclusione

209 1829 305 1895 lateat
319 1833 464 1918 crypsis,
481 1831 632 1896 mutanda
645 1849 693 1896 est
704 1828 871 1893 conclusio
883 1828 915 1892 ln
929 1850 988 1914 pro
1016 1850 1055 1893 o-

154 1933 156 1938 ’
210 1913 355 1982 sirionem
371 1919 642 2010 aequipollentem
658 1936 689 1984 et
703 1914 921 1994 manifestam,
937 1935 972 1980 ut
986 1852 1055 1982 iic-

210 2021 279 2070 rum
296 2028 342 2073 est
362 2009 392 2071 in
409 2006 670 2095 praecedentibus
692 2005 852 2092 exemplis.
883 2005 1053 2088 Ceterum,

209 2099 284 2183 quia
299 2099 416 2184 primae
434 2099 552 2186 ¹ligures
568 2095 682 2162 modos
700 2113 731 2162 et
754 2094 877 2182 regulas
894 2093 1060 2178 domnos-2
1137 2159 1138 2162 ,

210 2184 389 2266 travimus,
416 2206 512 2274 atque
541 2185 582 2252 ad
616 2185 748 2273 primam
777 2185 907 2271 figuram
939 2184 1055 2249 reduci

211 2294 306 2360 posse
329 2275 523 2342 ostendimus
545 2293 610 2340 tres
634 2274 709 2339 alias
735 2273 994 2361 syllogismorum
1015 2273 1062 2355 sb

212 2385 332 2452 guras3
364 2383 466 2453 patet'
483 2363 594 2431 eadem
618 2361 889 2428 demonstratione
915 2361 1054 2427 inclusas

209 2475 278 2520 csse
290 2453 434 2541 vulgares
448 2475 557 2519 omnes
572 2451 832 2542 syllogismorum
846 2450 967 2538 regulas
981 2451 1055 2513 lon-

208 2541 350 2628 gioribus
373 2539 557 2630 ambagibus
578 2563 596 2605 a
619 2539 812 2604 scholasticis
835 2538 915 2602 tradi
931 2537 1053 2614 solitas,

213 2629 326 2718 Itaque
343 2631 451 2696 omnes
475 2630 735 2721 syllogismorum
752 2625 870 2714 species
894 2626 926 2688 in
943 2627 1055 2690 omni-

210 2717 272 2783 bus
290 2719 401 2806 -srgnris
426 2739 513 2784 suam
535 2715 726 2784 evidentiam
746 2731 934 2780 mutuantur
955 2735 976 2779 a
994 2735 1055 2779 ce·

212 2807 290 2874 lebri
316 2807 579 2872 scholasticorum
602 2805 781 2892 principio,
814 2803 903 2887 quod
926 2802 1056 2868 dictum
1135 2879 1136 2886 ἵ

193 2895 260 2963 *dr
273 2896 360 2962 omni
375 2911 408 2964 et
425 2895 517 2966 nullo
539 2912 683 2962 vocatur.
711 2891 896 2984 syllogismi
921 2889 1058 2978 qnidern
