2298 3418
317 77 403 126 aare
425 75 456 124 ιι
478 75 633 126 arrrnrsr.
655 77 732 126 nar.
757 73 783 124 r.
949 77 989 148 15

83 161 151 220 *sse
182 146 346 216 veritatem
363 148 637 216 demonstrandam
661 142 899 235 omnes-ingenii
914 149 995 216 vires

103 235 304 312 adhibeant3
321 255 445 304 nostrae
459 253 532 302 sunt
548 253 653 324 parret
662 283 674 317 ,
688 257 726 302 ex
738 233 906 302 innumeris
916 257 997 390 pae-
1023 277 1027 286 ·

98 349 153 394 me
179 325 371 405 rationibus,
396 347 473 412 quas
494 341 615 392 veteres
630 342 662 394 et
684 323 869 392 nocentiores
892 347 913 412 p
939 326 998 392 iio-

111 413 205 506 sophi
222 417 400 483 attulerunt
408 463 421 496 ,
434 411 628 483 efficaciores
641 417 673 480 iu
687 411 826 482 medium
839 411 1000 506 proferre-p

384 713 387 718 ¹
408 630 695 708 coNchsrot

211 833 332 928 ¹{estiis
355 876 515 926 HVEANA
537 875 598 924 EST
625 869 868 928 lMMOM'AHS·

183 1031 283 1102 Prob.
316 1054 343 1102 r.
364 1033 453 1107 nullo
474 1033 691 1122 corruptionis
722 1057 834 1124 genere
857 1051 995 1106 menrenr

104 1119 288 1196 ,humanam
314 1125 436 1190 interir'e
455 1126 637 1190 naturaliter
661 1146 764 1212 posse.
784 1125 909 1192 Etenim
928 1127 999 1192 sub·

99 1215 233 1280 .srantia
248 1213 414 1300 spiritualis
429 1214 518 1278 nullo
532 1213 630 1278 modo
647 1213 749 1301 perire
766 1233 819 1280 aut
836 1215 999 1302 corrumpi

111 1302 298 1369 naturaiiter
311 1319 439 1391 potesse
455 1301 542 1388 atqui
558 1305 612 1386 (err
621 1301 997 1389 praesedisset-lusione)

112 1411 202 1459 mens
213 1389 348 1456 hnmana
362 1407 406 1456 est
418 1390 592 1457 substantia
606 1390 792 1476 spiritualim
807 1415 882 1480 ergo
894 1395 997 1460 a'nima

114 1475 252 1546 humana
261 1482 362 1569 perire
376 1501 440 1544 non
454 1489 572 1566 potest,
583 1481 729 1566 adeoque
739 1497 783 1546 est
797 1480 994 1546 immortalia.

111 1564 212 1642 Prob.
226 1571 297 1635 mai.
309 1567 486 1634 Substantia
502 1569 671 1655 spiritualis
686 1586 730 1632 est
743 1568 915 1632 substantia
926 1567 997 1632 sim·

113 1657 190 1744 pler
218 1677 272 1722 seu
295 1658 387 1722 nullis
413 1673 559 1722 constans
585 1653 728 1743 partibus
754 1657 809 1741 (ex
836 1659 999 1745 superiori

98 1743 354 1829 ,conclusionele
377 1747 467 1833 atqui
482 1741 651 1809 substantia
668 1745 800 1832 simplex
821 1748 912 1810 nullo
925 1767 996 1811 mo·

116 1833 161 1900 do
176 1834 280 1921 perire
295 1853 348 1900 aut
370 1833 530 1919 corrumpi
547 1832 731 1900 naturaliter
755 1852 861 1920 potest
877 1858 886 1911 ;
917 1857 994 1923 ergo

100 1921 467 2010 ¹substansiaspiritunlis
482 1921 571 1986 nollo
582 1922 680 1986 modo
695 1923 797 2011 perire
812 1925 995 1991 naturaliter
1028 1945 1030 1952 ’

114 2028 238 2100 potest.
249 2010 345 2076 Prob.
355 2010 432 2076 min.
451 2033 477 2074 ι.
489 2011 591 2077 Perire
605 2030 658 2076 aut
672 2015 835 2098 corrumpi
849 2035 912 2078 non
925 2015 996 2100 pot'·

114 2116 165 2168 est
181 2101 329 2169 divisione
351 2117 406 2164 aut
423 2099 658 2177 dissolutione,
679 2121 775 2186 quum
800 2102 839 2166 sit
858 2103 995 2186 partium

113 2209 229 2274 expers
244 2207 275 2254 et
292 2190 413 2255 realiter
429 2186 634 2254 indivisibilis.
645 2205 685 2252 ιι.
701 2189 777 2252 Νοιι
790 2189 995 2271 compositio·

112 2298 178 2355 ne,
205 2277 280 2365 quia
296 2276 368 2344 licet
384 2277 440 2364 ipsi
458 2277 675 2370 adnectantur!
687 2275 736 2340 vel
752 2275 811 2339 alia
833 2275 994 2362 quaelibet

97 2388 253 2448 .corpora
266 2382 320 2430 aut
334 2387 453 2434 mentes
471 2367 567 2441 aliae,
586 2385 707 2448 semper
720 2363 752 2426 in
766 2384 797 2427 se
813 2366 945 2449 simplex
962 2382 995 2432 et

98 2513 100 2517 ,
116 2453 228 2524 eadem
245 2471 395 2522 remanet.
417 2454 539 2520 Etenim
553 2473 692 2540 corpora
707 2471 761 2533 aut
778 2452 898 2518 mentes
917 2450 995 2520 suls·

113 2544 263 2608 stantiam
288 2543 461 2632 simplicem
492 2542 620 2607 alterare
643 2559 698 2606 aut
718 2541 847 2606 interius
873 2561 993 2628 mutare

114 2649 291 2719 nequeunt.
311 2629 349 2698 Io
367 2653 403 2700 ea
425 2629 504 2698 euim
523 2630 594 2695 nihil
616 2651 847 2717 transponere,
870 2633 992 2698 nullum

112 2740 238 2787 motum
250 2721 405 2788 internum
419 2718 589 2808 concipere
604 2721 700 2796 licet,
715 2720 768 2804 qui
781 2722 930 2796 excitari,
943 2718 993 2784 di-

113 2810 174 2898 rigi
187 2855 197 2888 ,
212 2811 317 2896 augeri
331 2827 384 2874 aut
397 2809 525 2876 diminui
541 2804 661 2897 possit,
672 2807 942 2894 quemadmodum
960 2807 993 2872 iu

101 2900 303 2988 ‚compositis
318 2901 425 2962 contin
450 2899 491 2975 it,
515 2897 569 2962 ubi
584 2897 716 2960 mutatio
732 2897 812 2960 inter
826 2915 928 2980 partes
946 2895 994 2958 lo-

114 3005 192 3056 cum
215 2985 320 3058 haber.
347 3005 403 3052 ιιι.
428 2921 581 3075 {auique
602 2983 831 3088 intrumentis
857 2977 992 3070 simplici
1045 3010 1049 3017 ·
