2270 3416
260 162 346 210 ms
365 163 394 210 11
413 165 583 214 natatur
600 165 677 212 GM·
700 164 747 211 11.
886 165 962 234 199

10 243 127 294 natus
147 227 195 296 ad
211 228 349 298 dandam
364 236 494 322 primam
511 237 603 300 rebus
617 231 814 300 existentiam
827 275 836 309 ‚
848 233 890 296 ita
905 235 948 298 ad

10 339 97 381 eam
128 322 386 388 conservandam
403 345 466 388 non
481 323 799 409 potestrdrterrninari
815 322 870 384 nisi
886 344 903 384 a
917 341 962 393 se·

12 407 117 492 ipso.
152 407 266 486 Quare
291 431 326 475 ιιι
353 433 607 490 conserventur,
638 433 703 478 tam
733 431 858 476 necesse
884 431 949 492 est,

13 493 144 560 Deum
163 501 248 564 veile
262 501 458 566 existentiam
475 501 596 568 illarum
627 521 730 566 rerum
746 520 807 588 pro
831 520 949 564 secun·
1021 575 1024 580 Ι

14 584 67 648 do
85 603 124 650 et
142 587 245 651 tertio
258 590 384 654 instanti
399 635 409 666 ,
424 611 519 676 quarn
535 611 660 656 necesse
675 588 751 666 fnit,
764 590 867 673 ipsum
881 589 951 654 vei·

16 673 53 738 le
83 695 206 740 earnm
232 677 457 757 existentiam,
475 698 510 744 ut
537 681 639 767 primo
655 678 830 766 inciperent
860 675 950 742 exis-

23 777 117 828 tere.

103 849 287 938 Oetaeap.
304 856 446 922 Statuere
475 858 583 944 potnit
607 855 722 933 Dens,
748 870 784 918 ut
813 851 949 918 mundus
973 908 976 915 .

28 944 174 1006 creat'us
189 961 384 1028 permaneret
401 947 464 1012 sine
481 946 543 1010 ulia
559 948 683 1012 actione
697 940 833 1028 positiva
849 964 858 1015 3
872 964 948 1030 ergo

30 1044 211 1094 creaturae
236 1053 299 1096 non
322 1032 461 1120 indigent
484 1035 524 1098 ad
553 1033 748 1100 existendum
774 1029 894 1094 directa
916 1049 949 1096 et

32 1116 186 1204 positiva
210 1117 270 1184 Dei
291 1122 541 1188 conservatione.
567 1125 668 1206 Resp.
698 1117 743 1184 N.
770 1133 834 1180 ant.
858 1115 960 1186 Densi

34 1205 128 1270 enim
153 1227 218 1270 non
234 1210 338 1294 potnit
362 1213 444 1277 veile
460 1255 469 1289 ,
487 1232 521 1278 ut
538 1229 680 1276 ereatura
700 1227 764 1270 non
786 1222 868 1272 essct
889 1227 951 1272 ne·

10 1301 11 1312 ¹
35 1297 184 1360 cessario
198 1290 379 1384 dependens
393 1324 407 1376 ;v
432 1301 520 1386 atqui
548 1299 604 1362 nisi
618 1313 823 1372 creaturam,
852 1313 950 1359 mun-

10 1453 12 1472 :
37 1382 124 1448 dum
143 1407 175 1448 v.
189 1408 219 1474 g.
237 1409 369 1453 conserv
392 1406 438 1454 ret
451 1386 763 1474 positive,crearura
787 1402 850 1446 non
868 1398 950 1450 esset

10 1481 13 1494 '
39 1479 225 1538 necessario
254 1411 446 1564 dependens.
465 1477 574 1542 Posset
588 1478 668 1542 enim
686 1472 809 1557 concipi
827 1492 950 1555 perma-

10 1633 14 1642 Γ
39 1583 121 1626 nere
135 1561 386 1651 independenter
405 1589 422 1632 a
445 1566 503 1631 Dei
519 1566 706 1641 existentia,
724 1578 755 1627 et
781 1561 948 1644 supposito

10 1667 12 1734 ζ
42 1652 133 1738 (per
154 1651 403 1740 impossibile),
431 1653 537 1720 Deum
560 1675 623 1717 non
648 1653 778 1718 existere.
802 1695 813 1726 ,
837 1648 952 1738 concij
978 1719 982 1728 p
1019 1662 1023 1674 ’

10 1735 12 1758 ³
42 1753 176 1826 peretur
197 1757 302 1806 tamen
316 1762 490 1808 creaturam
508 1764 698 1829 permanere.
713 1740 800 1827 Ergo
816 1756 880 1800 non
896 1747 959 1802 es*

10 1829 12 1850 ‘
47 1842 101 1892 set
124 1829 299 1896 necessario
324 1829 533 1920 dependens,
567 1832 622 1898 nisi
652 1829 788 1920 positive
815 1845 951 1892 conser-
1045 1854 1047 1858 ’

10 1933 12 2000 ᾖ
51 1932 189 1982 varetnr.
932 1961 960 1992 ·‚

10 2085 12 2094 s
120 2002 373 2076 Obiect.contra
403 2009 572 2075 secundam
603 2026 737 2098 partem.
765 2000 896 2068 Creatio
919 2019 952 2070 et

10 2099 11 2122 ³
51 2098 249 2160 conservatio
263 2096 382 2162 habent
398 2099 594 2164 definitiones
611 2100 751 2164 diversas
768 2117 776 2170 ς
796 2113 872 2179 ergo
887 2113 953 2168 non

10 2203 11 2214 ¹
54 2198 130 2262 stant
144 2183 250 2250 eadent
266 2186 361 2251 actio.
377 2185 479 2270 Resp.
498 2187 573 2252 dist.
595 2205 661 2253 ant.
686 2185 804 2251 creatio
828 2201 858 2246 et
873 2191 952 2254 con·
1052 2198 1057 2224 t

10 2273 12 2306 ἓ
55 2273 186 2338 servatio
212 2273 328 2343 habent
358 2274 557 2354 definitiones
585 2275 727 2342 diversas
758 2268 958 2336 relativead·

57 2358 175 2424 diversa
188 2379 329 2448 tempora
348 2409 356 2440 ‚
374 2355 669 2464 qna{connotant‚
686 2361 725 2426 C.
746 2376 810 2443 ant·
825 2378 955 2443 ‚prae-

10 2447 11 2470 ³
60 2440 127 2514 cire
139 2493 150 2524 ‚
162 2465 197 2512 nt
209 2472 279 2518 sunt
299 2454 441 2520 actiones
463 2453 502 2518 ad
520 2419 719 2522 existentiain
735 2463 953 2517 creaturarum.

10 2621 11 2626 ἵ
60 2535 260 2618 terminatae,
285 2541 332 2606 N.
349 2559 415 2606 ant.
432 2560 463 2610 et
479 2564 569 2608 cons.
585 2541 722 2608 Creario
736 2557 765 2602 et
780 2541 954 2600 conserva-⁴

63 2626 110 2690 tio
133 2626 265 2706 directa,
289 2649 324 2695 ut
339 2633 543 2698 terminantur
559 2631 598 2696 ad
612 2627 807 2714 existentiam
821 2645 953 2691 creatu·

69 2717 406 2794 rarum,definiuntur:
435 2721 604 2800 voluntatis
629 2721 749 2784 divinae
772 2735 859 2781 actus
874 2716 952 2779 dans

72 2801 257 2871 existentiam
293 2805 458 2876 ¹creatoris.
493 2814 538 2874 At
570 2811 595 2874 si
620 2821 802 2894 spectentur
830 2805 955 2870 diversa
1009 2810 1011 2814 ’

10 2891 12 2930 i
76 2907 205 2980 tempora
224 2895 338 2984 quibus
361 2917 574 2965 creaturarum
588 2897 749 2963 existentia
770 2894 953 2980 respondet,

10 3053 11 3062 χ
79 2983 180 3046 creatio
202 2986 339 3072 pertinet
355 2988 394 3052 ad
416 2988 549 3070 primum
573 2989 690 3051 instans
707 3005 795 3068 ,qno
812 2996 956 3048 creatura

10 3081 11 3112 ι
78 3071 192 3156 existit,
216 3077 420 3150 conservatio
446 3095 552 3152 autem
563 3077 606 3144 ad
629 3070 803 3166 sequentia·
