2258 3428
253 189 334 235 unns
352 188 384 234 1.
402 187 568 234 coerces.
583 185 661 235 can.
678 187 738 236 111.
851 187 911 240 nt

54 263 209 349 iungat,
239 276 305 324 tum
341 258 396 322 sibi
418 259 548 324 videtur
564 304 576 335 ,
604 257 721 324 habere
750 255 911 328 notionem

59 349 234 414 vocabulo
261 347 538 436 respondentem,
567 349 706 431 quamvis
728 345 805 412 haec
828 369 916 414 reve·

63 440 231 504 rainonis
262 440 328 514 sit;
360 457 431 500 nam
459 437 500 502 rei
535 433 721 504 observatae
748 436 914 502 notionem

69 529 212 615 aiiquam
238 525 622 611 habemus.thuoniam
648 549 708 604 ea,
735 547 816 612 quae
840 543 914 590 sunt

69 618 113 682 tei
143 619 236 681 fiunt
253 659 263 690 ,
279 613 321 680 ab
336 614 441 701 aliqua
465 634 559 676 causa
576 631 647 678 sunt
660 615 710 680 vel
735 615 813 678 iiunt
832 638 842 692 ;
860 637 915 700 pa·

63 723 136 786 tet,
168 707 321 789 ntique,
346 723 473 771 causam
501 702 635 790 aliquam
660 703 701 770 rei
725 703 914 770 observatae

59 818 127 860 esse
170 793 334 870 debere,
372 814 467 878 quarn
499 789 657 856 vocabulo
690 793 797 878 aliquo
835 793 916 857 indi·

57 886 222 972 gitarnus.
243 881 408 948 Videmur
429 897 534 946 autem
555 879 646 946 nobis
670 879 842 966 aliquando
858 881 914 946 ha-

56 973 141 1038 bere
167 971 339 1036 notionem
363 968 512 1036 vocabuli
538 968 648 1046 iliius,
672 989 827 1054 quatenus
853 969 917 1034 de-

57 1076 167 1125 notat
198 1079 328 1122 causam
354 1061 398 1124 rei
417 1055 614 1124 observatae.
638 1057 682 1129 Et
695 1059 822 1142 quidem
838 1059 914 1124 dum

62 1152 144 1236 quis
172 1168 325 1226 causam,
353 1165 384 1210 et
407 1145 463 1225 id,
488 1145 578 1224 cuius
603 1145 756 1213 rationem
783 1146 916 1212 reddere

66 1237 205 1313 debet,
230 1236 431 1312 considerat,
458 1234 535 1307 baec
558 1257 576 1298 a
601 1257 632 1300 se
652 1235 785 1302 invicem
802 1236 917 1300 distin·

62 1328 140 1416 guit
167 1343 334 1411 tamquam
361 1325 445 1390 entia
460 1325 534 1388 duo
551 1367 562 1401 ,
582 1347 718 1411 quorum
741 1347 836 1392 unum
865 1326 916 1390 al-

62 1434 176 1480 terum
193 1435 261 1476 non
282 1430 329 1477 est
348 1456 358 1490 ,
380 1431 527 1478 ettamen
543 1433 609 1476 nou
630 1412 687 1478 nisi
709 1417 799 1479 unius
816 1417 917 1478 notio·

66 1526 146 1568 nem
161 1503 278 1580 habet,
291 1518 405 1586 nempe
417 1504 494 1577 eius,
505 1501 750 1586 quodobsetvat
764 1547 773 1580 ‚
786 1525 914 1579 causae,

69 1596 170 1654 cuius
202 1590 261 1653 sibi
290 1592 454 1654 notionem
479 1590 616 1676 aliquam
644 1589 761 1654 habere
779 1591 915 1668 videtur,

76 1700 198 1744 revera
221 1678 334 1742 nullam
359 1678 477 1745 habens
494 1679 668 1744 notionem.
690 1675 805 1766 Itaque
826 1678 917 1744 inane

80 1784 132 1830 est
155 1767 374 1845 vocabulum,
397 1790 464 1854 qno
488 1789 555 1832 eam
582 1767 740 1856 indigitat.
760 1767 796 1830 E.
812 1789 843 1854 g.
859 1767 917 1832 ob-

85 1875 248 1920 servamus
271 1851 383 1925 ferrum
403 1879 421 1920 a
441 1871 585 1944 magnete
607 1856 740 1934 attrahi,
759 1861 921 1922 notionem

77 1941 235 2008 habemns
254 1943 346 2009 buius
363 1949 576 2020 attractionis,
593 1964 806 2032 quatenusest
824 1950 921 2034 plrae-
955 1995 956 2000 η

76 2054 242 2100 nornenon
260 2033 424 2122 quoddam
440 2054 495 2100 cett
516 2031 647 2099 effectus
676 2057 818 2102 naturae.
844 2037 918 2100 Ad-

76 2143 147 2194 esse
163 2122 286 2188 debere
306 2123 512 2206 phaenomeui
532 2123 623 2188 huius
650 2145 798 2198 causam,
818 2123 920 2186 rario-

76 2233 120 2276 ne
153 2214 388 2276 convincimur.
425 2213 503 2278 Eam
542 2215 614 2276 licet
645 2211 750 2274 adhue
780 2212 919 2299 ignotam

75 2300 248 2364 vocabulo
274 2300 381 2384 aliquo
406 2299 626 2386 designamus,
652 2303 796 2386 soletque
812 2301 922 2386 appel-

74 2388 136 2452 lari
173 2392 226 2452 vis
256 2391 458 2452 attractrt'x.
498 2385 566 2452 Iam
603 2391 626 2452 si
658 2389 727 2472 quis
762 2392 923 2452 notionem

77 2476 299 2562 phaenomeni
323 2497 376 2542 seu
400 2463 531 2542 effectus
554 2499 571 2540 a
594 2499 625 2542 se
649 2477 806 2545 observati
823 2498 925 2545 trans·

76 2561 146 2628 fert
173 2565 214 2627 ad
237 2584 391 2642 causam,
418 2586 551 2650 eamque
576 2567 756 2636 considerat
781 2589 834 2650 per
850 2591 923 2632 mo-

81 2650 164 2714 dum
194 2653 334 2716 entitatis
357 2654 389 2714 in
422 2669 592 2740 magnete,
619 2677 791 2742 perquam
820 2679 925 2723 motus

78 2737 160 2804 fetri
191 2740 231 2806 ad
266 2759 443 2826 magnetem
472 2761 647 2827 mutuaque
672 2743 822 2808 adhaesio
846 2769 925 2830 pro-

76 2829 213 2894 ducitur
242 2853 252 2906 ;
282 2849 351 2892 tum
379 2827 435 2892 sibi
469 2830 594 2901 videtur
620 2830 734 2896 habere
764 2835 927 2914 notionem

77 2919 128 2982 vis
152 2917 376 2996 attractricis,
397 2939 494 3010 quum
520 2937 626 2986 tamen
652 2920 770 2986 nullam
797 2919 925 2984 lrabeat.
