2300 3506
269 159 357 215 unns·
377 167 404 215 1.
430 148 684 216 marciscat.
710 169 737 216 1.
886 169 931 240 49

77 261 180 327 ope,
210 239 385 304 secundum
417 238 641 305 determinatas
670 259 816 304 motuum
845 237 931 328 {eges

83 327 251 393 eaontuia
274 342 443 416 praestet,
471 329 608 415 quaein
634 349 774 413 corpore
799 329 933 393 alicuius

86 414 225 479 hominis
254 417 478 482 observantur.
508 419 654 503 Concipe
682 439 767 482 nunc
795 418 933 484 animant

88 521 124 569 et
155 506 352 594 corpusne
377 506 551 571 convenire
577 508 660 572 inter
687 527 746 585 se,
776 525 813 573 ut
837 506 931 572 huius

85 611 192 658 motus
223 615 298 657 curn
325 595 590 684 perceptionibus
621 612 652 662 et
678 595 930 684 appetitionibus

80 681 168 746 iliius
194 704 213 746 a
239 683 324 748 Deo·
345 683 497 770 praevisis
521 684 747 763 consentiant,
779 703 811 750 er
829 682 932 750 habe-

78 769 131 836 bis
180 769 296 836 horum
317 769 598 860 ¹philosophorum
631 775 783 862 integrant
819 771 932 862 hypo-

80 854 203 924 thesim
239 861 286 924 de
311 861 503 926 commercio
536 863 648 926 mentis
678 880 752 925 curn
777 881 928 946 corpore.

77 948 191 1014 Porro
215 949 531 1016 animadvertendum
547 967 596 1014 est
610 995 620 1029 ‚
651 971 691 1016 ex
715 949 763 1012 his
790 945 930 1035 philoso-

76 1031 230 1124 phorum
245 1036 479 1123 hypothesibus
496 1039 615 1102 nuliam
633 1059 700 1104 esse
724 1038 927 1104 demonstra·

77 1142 153 1188 tam
172 1146 182 1200 ;
210 1145 319 1191 ornnes
333 1149 411 1192 vero
425 1126 529 1191 multis
547 1125 788 1192 difficultatibus
803 1127 928 1192 scobs·

82 1209 278 1278 euritatibtrs
303 1214 456 1280 laborare.
482 1215 544 1281 Sed
566 1215 608 1281 du
627 1215 673 1278 his
700 1237 757 1280 suo
781 1216 865 1280 loco'
880 1215 929 1289 dis

82 1321 226 1380 cemus,
253 1303 398 1368 nimirum
431 1305 463 1368 in
497 1302 735 1396 metaphysica.
762 1304 826 1368 Hic
841 1323 926 1370 -uero

79 1413 123 1455 ea.
144 1405 270 1455 rantum
297 1403 461 1480 exponere
488 1396 560 1458 satis
584 1397 646 1473 sit,
667 1415 750 1480 quae
771 1393 840 1458 sine*
855 1393 925 1458 aliis

47 1479 48 1484 ’
82 1479 249 1566 principiis
269 1478 361 1548 facile
380 1480 599 1570 intelliguntur
617 1510 627 1559 r
659 1499 808 1568 quaeque
824 1482 927 1546 locun

83 1568 226 1669 aliquant
253 1570 377 1656 logicae
403 1569 513 1637 afferre
545 1585 694 1657 possunt.
733 1565 802 1630 His'
822 1567 929 1652 expli·

85 1669 172 1718 catrs
187 1671 227 1720 stt
624 1681 628 1690 ’
841 1675 849 1692 ·’
871 1681 882 1708 ·’
912 1698 915 1706 ·

833 1741 924 1798 'gt

334 1829 670 1904 CONCLVSIO.

82 2002 227 2073 Prvrtus
237 2027 412 2075 nnoartvs
424 2010 528 2076 rurus
542 2025 636 2074 run
652 2013 925 2073 austratem·

87 2113 90 2118 ·
127 2113 214 2175 rus,
243 2117 400 2166 ovnrtvrr
421 2117 583 2171 aurona·
604 2097 727 2162 onorat
754 2113 924 2158 anatome

129 2203 200 2245 vsv
231 2203 487 2265 accuramus,
518 2205 563 2253 no
580 2203 746 2250 >unorum
768 2187 926 2272 unrryn

36 2343 38 2348 ,
128 2290 248 2338 suune
283 2293 670 2342 turstanusucvuuvrt
693 2277 925 2356 runuurrpsnrt

127 2377 442 2430 nnursrrrouuu.
619 2386 622 2396 ·
654 2361 657 2368 ⁴
846 2387 849 2396 ·
909 2364 923 2400 *³

149 2535 248 2603 Prob.
276 2561 305 2604 1.
330 2559 414 2628 pars.
438 2537 479 2604 In
512 2538 575 2615 iis,
608 2561 691 2626 quae
720 2534 761 2602 ad
790 2533 924 2602 animant

77 2623 269 2712 pertinent,
300 2630 387 2694 nulla
406 2628 508 2693 tutior
528 2629 635 2716 regula
651 2626 791 2694 adhiberi
812 2625 924 2704 debut,

71 2733 183 2800 ,quarn
209 2714 351 2781 intimum
373 2717 587 2782 conscientiae
611 2713 851 2792 testimonium,
874 2731 925 2778 atr·

78 2803 134 2888 qui
161 2805 272 2868 intirno
294 2805 508 2873 conscientiae
523 2805 705 2872 testimonio
729 2802 925 2886 experimur,⁸

78 2896 267 3047 meust}
279 2893 449 2984 percipere
463 2917 522 2983 pet
548 2893 798 3043 inteissceionem
811 2896 928 2974 putaras

153 3003 217 3046 om.
264 3028 273 3045 .
