2264 3420
251 139 338 188 nans
362 139 407 186 11.
430 133 763 216 ‚reputem-111.
894 142 936 270 p,

46 205 204 276 mediate
216 213 371 300 originem
387 207 751 288 habeantlintelleutus
771 202 869 270 nostri
906 210 935 272 i·

52 298 151 364 mites
168 297 260 386 longe
277 295 413 364 excedit.
439 295 564 362 Pendet
576 294 656 361 enim
673 315 713 360 eir
730 294 849 360 animae
863 315 936 358 cor·

56 387 209 472 porisque
234 384 452 462 commercio,
480 385 566 449 cuius
596 383 722 471 quidem
752 381 934 450 commercii

59 482 146 560 leges
167 473 327 560 tamquam
345 471 486 541 divinum
501 491 649 542 arcanum
667 469 804 538 venerati
825 474 933 558 potius

57 561 176 629 debent
207 560 449 649 metaphysici,
479 557 757 648 quam..curiosius
790 561 933 626 scrutari.

57 648 203 715 Tandem
218 647 456 717 observandum
472 665 618 736 superest
627 693 637 725 ,
661 646 855 716 haecomnia
877 670 937 716 ne·

57 759 221 822 quaquam
240 737 482 826 repugnarei'p,
494 758 587 888 lim
602 734 646 802 de
667 734 741 801 ideis
763 735 938 807 innatisloe

53 827 141 912 gices
158 825 248 888 initio
265 827 475 891 tractavimus.
530 845 586 893 aee
602 825 681 888 enim
697 825 839 910 quaestio
858 846 937 912 per·

46 914 132 1002 ,inde
147 933 182 978 se
200 912 316 992 habet,
330 913 391 980 sive
409 912 496 978 ideae
519 933 598 998 pure
620 911 848 978 intellectuales
864 935 938 980 me-

52 1001 177 1068 diatam
198 1001 347 1088 originem
356 999 379 1066 'a
395 999 535 1068 sentibus
556 999 714 1078 habeant,
741 1002 806 1064 sive
822 1019 840 1064 a
856 1022 935 1065 serr-

58 1089 152 1154 sibus
168 1089 343 1154 nullatenus
358 1088 525 1174 pendeant.
544 1087 637 1152 Hanc
651 1104 758 1160 autem
775 1087 937 1171 quaestio-

58 1198 134 1244 nem
158 1173 254 1240 fusius
278 1177 438 1264 explicate
458 1192 522 1242 uon
546 1175 639 1255 lieet,
664 1192 731 1240 tum
756 1173 844 1262 quod
867 1197 936 1242 earn

57 1263 248 1336 mortalibus
263 1262 660 1350 imperviam-crediderim,
678 1282 744 1328 tum
761 1263 850 1350 quod
867 1286 936 1330 eam

54 1352 217 1429 minoris„
232 1373 325 1438 quam
346 1350 450 1440 putari
472 1353 572 1428 solet,
595 1352 736 1418 utilitatis
760 1349 935 1420 habuerim.

107 1437 153 1506 II.
199 1437 284 1504 Hinc
306 1463 376 1527 quo
394 1441 482 1526 plura
506 1437 628 1506 obiecta
649 1441 794 1514 distincte
811 1441 935 1506 intelle·

57 1545 132 1591 ctus
149 1527 205 1593 sibi
221 1547 453 1614 repraesentate
469 1547 597 1616 potest,
617 1550 655 1596 eo
669 1529 774 1608 ¹maior
789 1545 936 1598 censetur

56 1617 143 1680 illius
159 1619 215 1682 vis.
233 1617 297 1688 Hie
312 1635 417 1684 autem
438 1615 617 1682 intellectus
636 1614 751 1705 gradus
775 1635 872 1698 quum
894 1615 936 1688 ab

58 1704 190 1770 obiecto
216 1705 416 1785 desumatur,
445 1704 619 1770 obiectione
642 1702 794 1790 appellari
816 1719 936 1792 potest.

61 1793 210 1859 Similiter
225 1815 291 1878 quo
313 1795 403 1881 plura
420 1793 492 1894 quis
513 1793 543 1858 in
560 1792 672 1858 eodem
689 1792 937 1864 obiecto'distinf

62 1882 149 1970 guit,
165 1905 204 1950 eo
221 1883 318 1950 maior
335 1882 427 1948 eriam
445 1880 562 1946 dicitur
574 1883 618 1944 vis
630 1882 824 1958 intellectus,
839 1898 937 1968 arque

59 1971 116 2040 ,hic
131 1987 179 2036 est
193 1969 271 2036 :riter
284 1971 417 2058 gradus,
439 1969 494 2054 qui
513 1991 611 2057 quum
633 1995 650 2036 a
662 1969 775 2047 forma
791 1991 846 2034 seu
863 1977 937 2034 mo-'

59 2059 107 2123 do
135 2059 389 2146 repraesentandi
411 2057 615 2137 decursatur,
645 2055 759 2146 gradus
774 2055 936 2138 formalis

59 2146 129 2213 dici
156 2164 274 2233 potest.
316 2169 321 2188 .
831 2167 834 2172 ·

128 2234 289 2312 Quoniam
301 2251 404 2300 autem
417 2233 447 2297 in
458 2231 618 2300 intellectu
633 2255 696 2304 non
706 2231 936 2319 distinguimur,

56 2322 127 2388 nisi
139 2319 320 2398 obiectum,
341 2321 431 2409 quod
454 2337 725 2406 repraesentatur,
742 2319 937 2400 atmodum,
961 2329 964 2334 '

53 2432 133 2498 .quo
151 2426 425 2498 repraesentatum
443 2410 562 2498 primus
577 2433 652 2482 vero
667 2407 782 2500 gradus
799 2406 880 2472 illius
895 2407 937 2475 ab

63 2500 214 2576 obiecto,
237 2499 315 2564 alter
332 2520 349 2564 a
365 2493 463 2562 forma
482 2497 625 2584 peritur,
638 2497 815 2572 intellectus
839 2496 938 2566 maior

65 2588 193 2670 concipi
208 2589 334 2673 nequit,
352 2607 445 2671 quam
462 2587 514 2672 qui
530 2589 633 2653 omnia
658 2583 816 2673 possibilia
834 2585 938 2654 distin·

65 2696 119 2740 cte
142 2673 198 2740 sibi
215 2693 446 2762 repraesentate
465 2675 574 2754 valet,
602 2674 787 2761 acptoinde
809 2673 941 2762 intelle-7

63 2782 136 2828 ctus
158 2764 263 2828 omnia
282 2760 439 2850 possibilia
458 2761 610 2836 distincte¹
626 2779 864 2847 repraesentans
890 2777 940 2828 est

66 2853 207 2916 omnium
227 2850 407 2927 maximus,
430 2869 484 2915 seu
506 2849 655 2928 absolute
675 2870 838 2924 summus,
862 2869 942 2932 qua·

66 2941 105 3003 lis
122 2958 170 3005 est
187 2939 271 3002 solus
286 2939 463 3010 intellectus
478 2936 613 3011 divinus.
631 2935 788 3000 Nostrum
804 2955 881 2998 vero
894 2933 943 2998 in'-

60 3027 230 3096 tellectum
244 3025 285 3092 ad
299 3026 405 3114 aliqua
418 3040 542 3092 tantum
553 3022 714 3110 possibilia
723 3020 848 3088 extendi
860 3041 939 3108 pos·
