2270 3416
251 101 337 150 rtns
366 101 402 148 ιι
426 99 587 148 mererer.
608 99 686 150 ont.
713 99 775 148 ιιι.
911 99 974 170 223

57 167 980 260 attentionemnostraminserapirquacumquedecausa

146 259 272 328 Obiect.
296 283 329 350 3.
361 258 411 324 lbi
435 261 521 326 nulla
545 279 592 326 est
612 259 770 324 volitionis
795 259 896 338 ratio,
920 257 978 324 ubi

66 367 142 411 nou
166 351 332 428 volumus,
355 370 439 438 quae
467 348 596 414 meliora
623 349 789 424 videntur,
815 345 871 414 sed
898 367 981 435 quae

67 433 252 503 iudicamus
284 459 352 504 esse
379 436 558 515 deteriota;
599 437 689 526 atqui
719 457 814 524 saepe
836 435 981 502 videmus

68 523 207 590 meliora
224 525 481 616 probamusque,
498 544 531 592 et
553 524 712 592 deteriora
735 523 917 610 sequimur,
941 541 982 590 ut

68 611 120 678 ait
148 613 262 682 Medea
281 616 370 704 apud
386 613 557 680 Ovidiumr
578 611 670 682 video
696 611 832 680 meliora
856 615 982 702 mobo-

68 721 160 788 qur,
185 701 355 772 deteriora
383 726 525 794 sequere
552 722 629 790 ergo
661 705 763 769 anima
793 721 857 766 oon
891 722 979 766 sem·

69 810 135 876 per
161 811 196 857 se
221 793 408 860 determinat
442 791 484 858 ad
514 791 687 859 volendum
723 809 778 856 aut
806 789 981 858 nolendum

73 897 153 942 cum
178 883 302 946 motivo
315 883 431 970 aliquo.
452 879 556 970 Resp.
578 879 652 944 dist.
678 881 749 944 mai.
765 879 850 944 nulla
867 896 914 946 est
928 901 982 944 vo·

69 964 204 1036 „litionis
225 963 326 1049 ratio,
342 971 366 1034 si
385 990 422 1034 ea
444 969 610 1048 volumus,
636 991 719 1057 quae
740 966 906 1032 deterioria
926 989 982 1034 seu

80 1054 167 1119 mala
194 1057 373 1123 autminus
402 1055 487 1124 bona
513 1059 686 1124 iudicamus
709 1055 828 1121 iudicio
853 1055 980 1136 ultimo,

78 1141 173 1226 quod
204 1145 300 1234 uulgo
328 1144 444 1212 dicitur
464 1149 675 1235 practicam,
701 1145 742 1211 C.
758 1189 768 1222 ,
782 1142 899 1210 iudicio
915 1165 980 1211 uon

74 1229 192 1296 ultimo
211 1250 244 1300 et
264 1232 464 1322 speculatio,
491 1235 537 1300 N.
553 1235 622 1300 mai.
648 1252 681 1299 et
706 1234 804 1314 disn,
832 1235 905 1298 min.
930 1233 980 1300 N.

73 1339 170 1384 cons.
196 1322 359 1391 Vltimum
382 1323 531 1389 iudicium
554 1324 667 1388 dicitur
697 1321 798 1402 illud,
824 1321 916 1410 quod
936 1320 980 1390 de

75 1407 251 1476 voluntatis
285 1412 413 1479 obiecto
446 1411 547 1478 fertur
576 1411 780 1490 immediate,
811 1427 980 1496 antequam

75 1493 233 1562 voluntas·
243 1520 311 1568 sese
327 1500 533 1579 determinet,
550 1516 583 1566 et
597 1518 728 1588 propter
742 1500 830 1588 quod
845 1497 981 1586 proinde

78 1586 231 1652 voluntas
244 1610 313 1659 sese
326 1609 399 1655 actu
419 1587 619 1656 determinat,
636 1586 675 1653 ln
690 1609 728 1656 eo
744 1585 860 1654 iudicio
872 1587 981 1654 obiec-

80 1689 148 1738 tum
177 1677 400 1744 consideratur
432 1682 491 1746 sub
519 1674 758 1743 circumstantiis
793 1676 980 1764 specialibus

81 1779 147 1828 tum
162 1786 213 1844 se,
228 1765 296 1830 tum
312 1767 407 1833 relate
421 1767 461 1832 ad
475 1785 590 1832 statum
605 1783 750 1832 nostrum
764 1784 978 1854 praesentem,

80 1866 114 1916 et
130 1851 152 1915 si
171 1851 290 1919 bonurn
320 1856 499 1933 iudicetur,
527 1855 606 1922 illud
627 1871 700 1921 actu
727 1855 926 1942 appetimus,
952 1854 981 1920 si

85 1939 216 2020 malum,
238 1961 312 2009 actu
341 1964 531 2011 aversamur.
559 1943 634 2008 Hoc
657 1939 801 2010 ultimum
829 1942 980 2010 iudicium

78 2033 269 2116 praecedere
295 2035 431 2118 possunt
445 2033 504 2098 alia
518 2033 631 2098 iudicia
647 2032 688 2097 ab
703 2030 912 2120 ipsodiuersa
927 2033 980 2100 vel

80 2118 181 2184 eidem
206 2123 364 2210 opposita.
387 2123 472 2188 Dum
493 2121 638 2188 videlicet
661 2119 822 2186 obiectum
849 2138 981 2208 specta-

82 2229 147 2272 mus
163 2209 366 2296 generaliter,
382 2212 432 2277 vel
450 2209 509 2276 sub
520 2207 709 2298 quibusdam
721 2209 978 2290 circumstantiis,

79 2315 134 2361 aot
156 2303 221 2364 sine
244 2297 394 2367 relatione
410 2299 450 2366 ad
468 2301 643 2388 appetitum
666 2297 867 2375 sensitivum,
893 2307 979 2361 tum·

82 2405 143 2470 que
157 2387 273 2452 malurn
290 2389 424 2454 iudicare
448 2389 636 2476 possumus,
650 2385 738 2474 quod
753 2383 811 2452 sub
828 2383 976 2454 omnibus

82 2474 316 2541 circumstantiis
340 2476 606 2565 particularibus,
632 2497 669 2541 ac
701 2475 883 2563 praesertim
918 2497 982 2565 per

83 2562 259 2629 relationem
279 2565 321 2630 ad
345 2567 522 2653 appetitum
546 2565 725 2646 sensitirum
749 2561 870 2628 honum
887 2565 980 2632 nobis

84 2673 231 2740 apparet,
249 2669 281 2719 et
304 2675 426 2719 contra.
453 2652 503 2719 Ita
520 2653 630 2744 siquis
647 2654 769 2720 tatione
788 2673 843 2719 tua
857 2673 980 2733 utatur,
1023 2663 1026 2668 '

84 2742 200 2806 virtutis
215 2742 338 2831 praxim
357 2743 470 2808 bonam
492 2765 566 2828 esse
587 2742 703 2808 iudicat
729 2741 843 2822 etiam,
870 2743 980 2832 quoad

81 2851 125 2908 ee,
140 2847 170 2896 et
185 2853 253 2896 eam
267 2833 312 2897 sic
326 2833 510 2921 generaliter
524 2849 699 2918 spectatam
711 2829 784 2893 nult
805 2848 900 2918 atque
918 2853 980 2917 ap-

82 2921 166 3008 petit.
182 2922 226 2985 At
250 2923 274 2986 si
292 2922 321 2984 in
334 2922 413 2987 datis
432 2921 670 2986 circumstantiis
683 2917 807 2984 virtutis
822 2920 975 2984 exercitio

81 3007 183 3076 danda
200 3010 237 3076 sit
258 3029 369 3098 opera,
380 3009 445 3095 fieri
467 3026 594 3100 potest,
609 3025 645 3075 ut
657 3028 745 3076 mens
758 3007 886 3072 virtutis
901 3027 979 3098 pra-
