2326 3438
219 148 241 208 4
437 143 621 208 ansrtrvr.
651 143 784 204 amcos.
1148 187 1149 190 ,

215 214 291 283 dum
314 214 455 294 iudicat,
478 213 594 302 aliquid
614 234 704 290 esse,
727 211 816 280 simul
838 211 1053 293 indicaretuo·
1148 271 1149 292 2

200 300 335 390 queat,
363 304 446 369 idom
477 325 541 368 non
572 323 650 368 esse.
675 301 758 368 Hinc
781 303 835 380 lit,
858 323 894 371 ut
916 322 1056 372 naturae
1148 295 1149 346 l

215 393 325 458 mentis
341 410 466 457 nostrae
487 391 604 457 conscii
626 390 690 456 sine
710 391 900 480 probatione
921 413 1053 458 corree-

214 483 324 546 damus
346 479 428 546 hanc
453 479 701 565 propositionem
724 479 862 546 terminis
889 481 1053 567 generali·

215 564 274 634 bus
293 590 488 656 expressam:
502 563 585 656 fieri
598 591 658 632 non
682 585 809 654 potest,
833 583 869 632 ut
892 569 977 635 idem
997 572 1054 634 εἰ·

213 655 285 723 mul
311 661 357 722 tit
383 673 415 725 et
439 679 499 721 non
525 658 579 721 sit.
612 650 795 744 Propositio
821 654 899 722 haec
929 655 1050 744 dicitur

212 748 410 836 principium
440 743 699 810 contradictionis.
730 746 889 810 Nimirum
915 762 1052 812 contra-

217 835 320 900 dicere
350 831 533 922 sibimctipsi
563 830 703 912 dicitur,
734 835 814 922 qui,
842 831 925 898 idem
955 835 1048 900 simul

207 945 282 989 ,esse
305 939 336 988 et
360 945 425 987 non
454 943 543 1000 esse,
566 923 761 1009 pronuntiat.
786 921 978 1007 Principium
1006 922 1051 988 il-

215 1011 273 1076 lud
302 1010 490 1076 Aristoteles
520 1026 551 1074 et
583 1009 695 1074 deinde
729 1009 907 1075 scholastici
928 1033 1050 1077 omnes

216 1099 425 1166 adhibuerunt
441 1099 539 1162 instar
555 1099 717 1184 axiomatis
734 1100 864 1182 maxime
883 1100 1049 1186 generalis.
1148 1111 1149 1132 ¹

217 1189 479 1274 Propositionum
507 1185 826 1252 contradictoriorum
849 1207 992 1250 naturam
1018 1189 1051 1253 in

219 1277 321 1363 logica
344 1279 401 1340 iam
423 1275 599 1360 explicavi,
628 1297 708 1362 quae
731 1277 771 1341 ad
799 1274 1052 1364 metaphysicam

217 1367 378 1453 pertinent
405 1363 473 1429 heic
500 1363 680 1452 adiungam.

272 1449 320 1518 Il.
375 1449 426 1518 Ex
449 1450 605 1540 principio
626 1449 884 1516 contradictionis
906 1447 980 1516 haec
1004 1471 1053 1515 a·

217 1541 258 1606 lia
277 1545 308 1609 in
327 1541 440 1606 scholis
464 1540 659 1628 vulgatisima
673 1540 831 1605 axiomata
855 1539 1049 1606 derivantur:

218 1628 389 1720 quodlibet
413 1646 463 1694 ert
484 1627 536 1694 vel
558 1651 619 1694 non
643 1645 715 1694 esra
739 1627 779 1693 de
801 1627 910 1693 eodem
931 1649 1053 1694 secun·
1146 1653 1147 1660 ¹

145 1787 150 1793 ,
218 1718 297 1784 dum
324 1722 412 1783 idem
439 1739 500 1782 non
524 1731 660 1804 potsunt
683 1713 845 1799 verificari
867 1713 965 1781 simul
988 1713 1051 1798 af·

130 1863 132 1871 χ
208 1803 362 1890 firmatio
387 1821 418 1868 et
441 1808 580 1892 negatio.
601 1803 774 1892 Disputant
799 1804 996 1882 scholastici,
1012 1825 1056 1869 n·

175 1919 179 1928 ·
220 1888 305 1958 irum
326 1890 459 1980 ‘aliquod
486 1891 525 1960 sit
550 1891 687 1981 primum
713 1893 900 1982 cognitionis
926 1893 1052 1978 princi,-¹

198 1985 333 2069 xpium,
353 1987 389 2045 ‘et
413 1980 574 2068 quodnam
600 1981 677 2047 illud
708 1982 757 2045 sit.
787 1978 875 2060 Quid
900 2003 957 2070 per
985 1981 1057 2068 pri·

184 2142 187 2157 Ι
223 2093 309 2134 mum
337 2069 533 2163 cognitionis&
544 2071 727 2156 principium
749 2071 923 2156 intelligant
946 2089 1054 2136 meta-

222 2157 372 2247 physici,
393 2180 456 2222 non
473 2158 544 2222 satis
566 2178 711 2224 accurate
733 2158 895 2223 definitum
915 2158 1056 2224 invenio.

220 2247 315 2312 Primi
340 2245 487 2336 principii
514 2249 638 2312 nomine
662 2246 815 2335 signiticat
838 2247 998 2311 Carresins
1023 2247 1058 2312 id

222 2337 378 2421 primum,
403 2334 490 2420 quod
509 2337 603 2400 menti
620 2333 779 2412 occurrit,
797 2351 829 2409 et
845 2335 980 2424 primum
1003 2334 1059 2398 in·
1148 2391 1149 2396 ,

222 2441 270 2491 ter
288 2426 392 2490 om'nia
408 2424 565 2488 axiomata
582 2426 688 2488 locum
704 2422 812 2488 tribuit
835 2423 908 2487 huic
936 2421 1059 2511 enthy-

223 2517 370 2578 memati:
400 2531 457 2599 ego
485 2518 612 2599 cogito,
641 2532 715 2599 ergo
744 2534 826 2576 sum.
857 2511 1060 2578 Praedictum
1148 2591 1149 2594 Ἴ

225 2620 331 2664 autem
368 2599 572 2686 enthymema
606 2618 767 2686 tamquam
797 2600 932 2688 primurn
965 2600 1060 2688 prin·
1148 2659 1149 2664 ,

223 2689 341 2772 cipium
364 2687 509 2752 Cartesio
530 2689 723 2754 constituere
745 2688 883 2774 placuit,
908 2709 946 2752 eo
968 2687 1060 2774 quod
1148 2709 1149 2736 ³

223 2795 318 2838 nemo
349 2775 494 2840 dubitare
518 2775 640 2860 possit,
670 2797 702 2842 se
730 2797 797 2842 esse
824 2775 900 2840 dum
922 2777 1060 2864 cogitat3

176 2926 184 2936 .
223 2864 341 2933 etiamsi
355 2883 458 2930 cetera
476 2860 580 2928 omnia
597 2860 675 2929 falsa
692 2885 779 2942 esse,
805 2881 947 2951 poneret.
960 2865 1063 2930 'Car-
