2298 3418
167 157 238 222 188*
403 171 590 219 tnsrrnvr.
622 171 737 220 unios.
807 171 810 180 ·

160 245 347 311 lasricorum
374 241 491 320 verba,
520 260 554 306 ut
579 241 682 306 minus
712 243 805 310 latina
833 253 1010 332 respuunt,-

161 335 222 400 alia
254 326 333 399 ⁴vero
371 352 437 396 non
468 332 565 420 magis
594 331 713 412 latina,
744 335 801 401 sed
828 335 1004 425 prolixiora
1065 329 1069 340 ’

162 420 327 489 adhibent.
684 471 688 478 .
939 443 956 479 .’

205 509 271 576 ΙΙΙ.
315 506 527 597 Syllogismus
559 505 735 592 affirmans
767 509 909 590 dicitur,
936 531 1011 573 cu-

84 613 86 618 '
160 597 207 666 ius
228 597 391 663 conclusio
416 612 465 664 est
488 594 658 662 affirmans.
684 598 895 688 Syllogismus
923 619 1002 661 vero

161 709 305 776 negare,
335 686 425 751 cuius
454 685 618 752 conclusio
646 702 693 752 est
719 708 848 774 negans.
884 686 1004 753 Simili-

160 792 209 843 ter
224 775 426 864 syllogismus
443 773 641 840 uur‘uersalr's
656 773 802 857 dieitur,
818 777 906 840 cuius
925 797 1002 838 con·

160 863 261 930 clusio
289 864 472 930 universalis
498 881 557 929 est.
586 864 780 951 Sillogismus
815 887 892 930 vero
916 886 1005 952 par-

158 951 335 1033 ticularis,
358 955 446 1018 cuius
466 953 628 1018 conclusio
644 970 692 1016 est
709 955 920 1038 particularis,
944 951 1000 1017 vel

161 1043 323 1129 singularis
359 1063 441 1126 quae
481 1042 522 1106 ad
562 1040 783 1126 particularem
820 1057 1004 1106 revocatur.-

162 1131 372 1222 Syllogismus
391 1133 548 1217 proprius
572 1130 768 1214 appellatur,
797 1131 852 1216 qui
876 1145 1002 1194 constat

160 1241 201 1286 ex
224 1215 494 1305 propositionibus
520 1217 676 1304 propriis,
699 1216 760 1282 hoc
775 1239 823 1283 est
835 1266 847 1296 ,
861 1240 999 1304 ex--prow

160 1306 375 1395 positionibus
398 1305 631 1392 singularibus,
652 1305 817 1394 inquibus
836 1307 1001 1396 praedica·

161 1414 230 1461 tum
257 1396 398 1461 subiecto
426 1396 571 1484 singulari
596 1395 761 1482 proprium
788 1414 847 1459 est.
881 1396 1000 1461 Exem-

161 1486 251 1572 plum
277 1485 437 1574 sylogismi
460 1479 657 1549 uniuersalis
679 1481 1001 1572 affirmantiss'om-

161 1592 374 1658 mereatum
395 1570 518 1660 pendet
543 1569 706 1648 ab·ale‘o;
731 1571 794 1636 sed
819 1573 918 1636 emeris
948 1572 1002 1635 lie·

162 1683 212 1728 me
236 1679 287 1729 ert
310 1679 464 1737 creatus,·
487 1680 562 1748 ergo
584 1663 684 1740 emeris
704 1659 790 1725 bomo
809 1657 933 1748 pendet
957 1659 1001 1724 ab

163 1751 242 1816 alr'o.
266 1749 458 1838 Exemplum
480 1748 651 1838 syllogismi
665 1748 863 1814 universalis
876 1769 1002 1838 negan-

69 1883 71 1897 ‹
163 1843 226 1904 tis:
249 1836 383 1915 nullus,
406 1840 465 1926 qui
481 1836 563 1926 plur
581 1834 781 1916 desiderat,
803 1858 903 1926 qnam
918 1859 1003 1924 pes-

161 1925 251 1992 sidet
275 1941 325 1991 ett
349 1941 515 1991 contentus
526 1947 542 2002 ,·
568 1923 631 1990 sed
652 1929 758 1991 omnis
782 1947 905 1989 auarus
921 1922 1006 2012 plut,
1086 1933 1088 1937 ’

161 2013 355 2093 desiderat,
373 2035 470 2102 quam
483 2014 655 2102 possidete
680 2033 755 2102 ergo
777 2011 889 2077 nullus
916 2035 1002 2077 aua-

162 2127 219 2169 rus
248 2118 297 2168 est
327 2117 505 2170 contentus.
541 2100 733 2189 Exemplum
767 2097 1001 2189 particulatim

161 2189 288 2258 nullum
315 2207 411 2281 turpe
433 2207 485 2257 est
511 2189 748 2279 expetendum
778 2187 840 2254 sed
866 2187 1007 2276 aliquod

163 2278 291 2346 luctum
314 2299 364 2347 est
388 2297 485 2368 turpe
495 2284 512 2356 ,·
535 2300 609 2366 ergo
635 2276 776 2367 aliquod
794 2276 921 2342 lucrum
943 2299 1004 2342 nort

99 2409 102 2418 ι
162 2385 213 2435 est
238 2369 467 2458 expetendum.
483 2366 686 2455 ¹Enemplum
707 2366 851 2454 proprii:
877 2367 1005 2432 Auctor

158 2457 370 2546 pentateuchi
397 2473 446 2522 ert
486 2449 659 2546 legislator
690 2454 910 2530 iudaeorum
945 2452 1009 2518 sed

163 2545 296 2635 Moyses
321 2560 371 2610 est
399 2559 513 2610 auctor
534 2542 768 2631 pentateuchie
798 2561 874 2630 erga
903 2541 1004 2633 Moy·

164 2658 215 2701 ses
244 2651 293 2700 est
320 2631 495 2722 legislator
518 2630 717 2698 iudaeorum.
769 2670 773 2678 ·

207 2721 276 2792 IV·
323 2722 441 2788 Omnes
472 2719 650 2811 syllogismi
679 2721 823 2783 nituntur
848 2714 937 2782 dicte
961 2714 1004 2782 de

161 2816 297 2878 seruiet
320 2809 419 2875 nullo.
445 2808 484 2874 ln
505 2809 589 2872 omni
612 2807 693 2872 enim
720 2803 928 2895 syllogismo,
952 2802 1004 2870 vel

157 2923 272 2983 nornen
295 2900 415 2989 generis
442 2916 475 2966 et
500 2896 615 2986 speciei
641 2893 811 2975 tribuimus
842 2893 998 2972 subiecto,
