2246 3412
155 79 220 166 256
242 99 252 114 ··
439 87 782 152 turritanensem.
832 93 860 112 ··

98 189 100 196 “
155 178 241 236 enim
277 175 420 239 maxime
450 189 698 242 consentaneum
730 189 801 250 ert,
832 170 973 241 dioin'ae'
997 195 1052 240 tros

154 264 355 327 auctoritati
402 268 548 351 captivos
588 264 738 330 subdere.
775 261 939 340 Quamvis
978 286 1052 352 ergo

153 350 334 436 Apostolus
355 349 470 416 'iubeat
491 355 663 440 captivate
683 349 893 417 intellectum
911 356 947 417 in
961 355 1051 418 obre-

152 440 265 526 qur‘rtm
274 434 386 521 fideii
404 441 436 506 id
451 457 578 519 tamen,
600 458 637 505 ut
652 460 772 507 temere
786 455 820 504 et
835 441 987 514 sineulla
1002 463 1051 506 ra·

151 527 240 592 tione
256 524 424 612 iaciamus,
439 550 504 594 nou
519 527 636 618 exigit3
653 551 751 618 quum
765 529 856 594 Deus
874 529 1045 596 evidentis·

151 615 227 679 sima
247 632 279 681 et
293 621 434 683 omnium
449 615 672 706 intelligentiae
691 617 946 683 accommodata
958 659 961 662 -
972 627 1041 704 snp-

148 703 564 792 peditaver'ttcredibilitatis
577 709 705 770 motiva.
735 707 841 770 Porro
870 705 1043 773 meminisse

147 808 298 877 oportet,
325 797 414 879 quod
429 817 522 881 saepe
544 797 741 875 monuimus,
768 794 840 858 heic
869 815 1049 861 sermonem

147 901 213 944 nnn
228 901 288 946 ssse
304 881 345 968 de
362 883 444 963 fide,
460 901 612 969 quatenus
626 903 673 949 est
687 884 784 972 gratia
796 898 855 948 aut
870 886 979 949 virtus
1000 885 1047 949 di-

149 968 264 1034 vinitus
280 968 404 1050 infusa;
430 973 485 1037 sed
503 987 626 1037 tantum
641 973 681 1038 de
697 971 779 1048 lide,
805 989 977 1056 quatenus
1005 989 1047 1037 est

150 1058 1049 1147 persuasionaturalisexmotiviscredibilitatisoriuurla.

159 1183 165 1201 ·
209 1147 342 1214 Obiter.
369 1173 399 1215 2.
429 1149 536 1228 Quum
565 1149 649 1214 Deus
674 1149 713 1212 sit
742 1152 927 1214 communis
956 1169 1048 1234 atque

148 1234 288 1320 optimus
301 1239 443 1302 omniunt
460 1238 621 1302 hominum
644 1255 754 1324 pater,
779 1237 819 1302 ab
842 1237 921 1324 ipso
944 1239 1047 1302 mundi

149 1325 280 1406 exordio
297 1326 362 1392 sine
377 1327 443 1390 ullo
464 1343 645 1414 temporum
662 1325 872 1413 locorumque
888 1327 1045 1392 discrimi-

150 1433 190 1475 ne
205 1414 387 1479 universum
409 1421 505 1504 genus
521 1414 690 1480 humanum
708 1417 912 1479 revelationis
935 1416 1046 1480 lumine

149 1500 307 1570 illustrare
323 1503 494 1570 debuisset.
515 1503 675 1589 AEqualis
691 1504 773 1569 enirn
786 1520 852 1568 erat
864 1505 963 1590 apud
978 1527 1047 1569 om·

151 1601 212 1654 nes
223 1591 364 1680 populos
384 1591 583 1659 revelationis
598 1594 777 1658 necessitas.
803 1593 910 1676 Atqui
926 1613 989 1658 nec
1007 1589 1041 1654 ab

142 1677 224 1762 'ipso
236 1680 345 1746 mundi
358 1683 491 1746 exordio
505 1682 611 1746 locum
627 1679 736 1744 habuit
751 1681 930 1759 revelatio,
942 1701 1044 1768 neque

154 1767 269 1834 deiude
288 1769 474 1836 beneficium
484 1764 569 1834 illud
586 1768 627 1835 ad
643 1789 750 1836 omnes
765 1786 873 1856 gentes
891 1770 1048 1847 manuele
1101 1759 1102 1848 l

154 1875 229 1946 ergo
244 1859 394 1926 revelatio
411 1861 581 1925 necessaria
594 1879 657 1921 non
675 1867 733 1923 est.
748 1857 978 1944 Respondes,
996 1873 1052 1922 to-
1101 1861 1102 1920 l

153 1962 222 2010 tunt
239 1946 317 2011 illud
334 1966 550 2036 argumentum
566 1946 770 2034 ambiguitate
782 1945 944 2012 laborare.
962 1947 1051 2012 Dum
1101 1979 1102 2006 ;

155 2033 352 2110 revelationis
373 2039 538 2104 necessitas
559 2035 794 2101 demonstratur
804 2082 816 2113 ,
836 2034 889 2099 illa
916 2037 1050 2123 quidem
1101 2025 1102 2082 i

155 2123 322 2188 necessitas
336 2147 372 2191 se
388 2142 474 2192 tenet
489 2147 528 2190 ex
543 2141 635 2212 parte
647 2142 830 2202 creaturae,
860 2145 929 2187 non
944 2143 1050 2190 autem

155 2233 196 2278 ex
215 2229 304 2301 parte
321 2214 391 2280 Dei.
419 2214 529 2294 Quod'
545 2235 619 2278 vero
640 2211 820 2278 immediata
850 2213 1046 2283 revelatione

155 2319 264 2390 gentes
279 2303 431 2390 plurimae
446 2303 622 2380 caruerint,
638 2300 893 2389 respondendum
912 2320 960 2366 est
970 2323 1050 2367 curn

156 2393 187 2454 S.
204 2391 399 2482 Augustino:
414 2390 613 2457 Deiiudicia
624 2390 752 2456 occulta
764 2387 979 2470 surr-tmulta,
996 2395 1052 2456 irt-
1101 2411 1102 2414 ’

156 2481 251 2546 iusto
260 2479 373 2548 nulla.-
386 2480 427 2548 dr
438 2480 609 2546 civit-Dei
620 2477 680 2544 lib.
695 2481 747 2546 18.
760 2493 834 2566 cap.
851 2477 903 2545 18.
921 2478 965 2542 Et
978 2479 1053 2565 qni·

157 2566 230 2634 detu
254 2565 634 2646 iutn'demonstravimus,
659 2567 806 2633 altissima
826 2581 895 2632 esse
918 2566 1053 2635 divinae

157 2657 376 2743 providentiae
404 2675 515 2722 arcana
529 2673 562 2722 et
578 2655 669 2719 finiris
693 2655 848 2720 mentibus
876 2656 968 2742 longe
982 2655 1057 2720 im:

158 2741 278 2826 p'e-rvia.
301 2741 517 2810 Revelationis
530 2746 745 2810 necessitarem
760 2755 799 2810 ex
808 2757 905 2830 -parte
917 2743 1053 2809 hominis

150 2828 407 2908 demonstrasse,
419 2831 805 2898 satissitsHaeoobtectio
816 2831 993 2897 coniuncta
1006 2849 1056 2897 est

159 2933 233 2977 curn
249 2916 641 3004 theologicaquaestio'ne3
659 2933 794 3003 potrum
808 2918 1059 2984 *Deusmuoeilr'e
1101 2921 1102 2984 3

161 2998 218 3065 ad*
235 3000 382 3088 sulutem
404 3005 610 3100 roffeio-ntia
628 3004 844 3091 infidelibus·
870 3006 1056 3090 conferat?
1101 3007 1102 3016 ³
