2300 3506
219 195 243 268 n
461 199 646 250 rusrrnvn.
670 193 799 250 unitos.
832 259 857 272 ,Ι

217 289 412 364 possumus,
437 295 572 362 eamque
603 275 718 338 iccirco
744 276 785 338 ad
815 268 1053 360 oportunioreri

218 365 327 430 locum
350 363 512 428 relicimus.
529 363 683 442 Quamvis
702 383 805 429 aurern
824 362 1053 452 philosophiam

219 456 353 519 existere
369 453 577 516 certissimum
592 453 632 516 sit
648 476 657 529 ;
679 453 703 515 si
717 469 821 517 tamen
836 451 1053 538 philosophiae

218 540 454 626 amplitudinem
469 537 532 606 fere
548 542 700 605 infinitam
715 541 985 626 contemplemur,
1000 543 1060 605 vi-·

217 639 334 715 theque
356 627 544 694 brevitatem
567 647 599 694 et
629 630 743 694 mentis
770 629 923 695 humanae
952 631 1052 695 tenui-

217 735 316 783 tatem
334 717 518 782 meditemur
534 739 544 793 3
558 714 650 782 fateri
669 740 726 782 nos
748 739 812 784 non
829 715 962 803 pudebit
976 763 985 795 ‚
997 739 1052 785 eos

219 808 334 883 etia'm,
360 805 413 890 qui
430 806 541 871 summi
558 805 740 892 philosophi
755 823 934 885 vocantur,
953 828 1050 891 pauca

218 894 390 960 admodum
401 913 434 960 et
452 893 516 960 fere
532 892 607 958 nihil
618 895 818 982 cognovisse.
836 895 942 960 Nemo
957 895 1052 982 igitur

215 983 431 1071 philosophus
446 985 486 1050 de
500 983 587 1046 omni
604 983 732 1048 moretis
747 983 906 1070 disputare
919 1005 1051 1070 praesu-

216 1091 294 1151 mat,
310 1074 399 1161 quod
412 1072 572 1160 sophistae
584 1071 659 1136 olim
675 1089 791 1138 temere
805 1071 1049 1160 pollicebantur.

215 1205 509 1274 Pnrrosorunuur
555 1224 714 1269 nnnrrvs
751 1225 1050 1302 strutus-crurum,

261 1315 362 1363 ovnu
394 1314 494 1372 uos,
528 1312 572 1356 ur
604 1313 744 1362 ovrunn
778 1311 1050 1375 rurunrncunu,

258 1403 437 1449 nonu-si
465 1401 584 1445 uouoo
623 1401 762 1448 rrnoon
795 1403 1051 1470 cournnnuvs,

235 1491 372 1544 ‚nnrno
409 1491 577 1536 nonrnvu
602 1490 760 1536 innuunt
793 1494 817 1537 n
841 1490 911 1538 uuo
945 1493 1051 1538 trun·

259 1583 423 1628 nntrrnn
447 1581 579 1648 rnurtn
604 1579 712 1624 surr.

233 1691 308 1760 ³1V.
333 1692 433 1772 Quod
449 1691 494 1754 his
508 1690 681 1755 rationibus
696 1691 816 1758 ostendi
834 1689 924 1757 solet'.
941 1689 1052 1768 Quum

215 1803 332 1866 nempe
360 1781 500 1845 Adamus
517 1779 666 1845 innocens
690 1798 813 1844 creatus
828 1783 864 1844 sit
884 1797 944 1858 ,ut
961 1781 1052 1846 simul

217 1888 299 1934 esset
317 1869 454 1931 liliorum
473 1889 586 1952 parens
602 1886 632 1930 et
650 1865 784 1947 doctor,
800 1868 968 1956 Deumque
984 1871 1055 1933 dili·
1127 1899 1128 1938 r

216 1971 304 2044 geret
322 2001 332 2033 ,
350 1971 381 2023 et
397 1956 456 2042 ipsi
473 1957 531 2018 soli
546 1957 694 2030 serviren
711 1957 797 2020 Deus
821 1957 946 2021 Adonin
962 1955 1054 2022 dedit
1127 1989 1128 2040 r

214 2045 412 2133 cognitiones
428 2093 436 2119 ‚
457 2047 524 2108 sine
536 2045 650 2130 quibus
665 2042 766 2108 officia
781 2045 830 2108 illa
847 2046 974 2132 exsequi
988 2067 1054 2110 non

214 2139 379 2220 potuisset.
401 2131 594 2197 Huiusmodi
619 2133 806 2220 cognitionis
821 2179 829 2210 ‚
842 2134 1057 2220 quaedivini·

215 2239 266 2284 tus
284 2223 409 2286 Adamo
425 2219 574 2286 concessa
591 2219 717 2298 fuerau,
735 2219 898 2286 manifesta
914 2223 943 2286 in
960 2226 1055 2287 sacris

214 2310 325 2374 litteris
349 2314 478 2400 vestigia
505 2309 755 2393 conspiciuntur.
785 2310 884 2374 Eccli.
910 2333 979 2396 cop.
1002 2333 1054 2400 ¹7·

185 2399 351 2488 ‘legitunr
372 2401 462 2463 Deus
486 2401 609 2464 creavit
641 2398 682 2463 de
707 2416 800 2463 terra
826 2399 1000 2478 hominem,
1018 2414 1055 2466 et

214 2488 396 2557 secundnm,
407 2492 578 2560 imauinem
595 2509 688 2552 suam
694 2487 782 2568 fecit
800 2485 903 2552 illum.
915 2534 942 2551 ..
958 2489 1057 2554 Crea-

213 2579 318 2640 vitex
334 2580 403 2663 ipso
426 2577 626 2639 adiutorium
648 2575 753 2639 simile
770 2578 833 2640 sihi
859 2577 1054 2657 Consilium,
1127 2583 1128 2586 ’

213 2679 246 2728 et
259 2661 406 2748 lingnam
422 2711 432 2742 ‚
448 2681 479 2729 et
496 2663 603 2728 oculos
621 2709 630 2740 ‚
656 2680 687 2729 et
714 2687 812 2728 aures
830 2710 840 2741 ‚
863 2679 895 2728 et
911 2687 965 2729 cor
988 2667 1058 2730 de-

213 2748 265 2815 dir
280 2751 349 2816 illis
364 2751 603 2840 excogitandi,
618 2767 650 2816 et
666 2752 845 2838 disciplina
859 2751 1057 2820 intellectus

210 2836 353 2925 repleuit
376 2836 481 2917 illos,
504 2845 626 2903 creavit
657 2839 727 2903 illis
749 2835 920 2906 scientiam
945 2847 1056 2928 spiri-

216 2941 296 3012 tus,
319 2950 414 2998 sensu
428 2926 574 3020 implevit
591 2949 645 2996 cor
661 2927 818 3013 illorum,
839 2946 873 2997 et
886 2926 976 2998 mala
990 2971 1004 3012 ,
1019 2929 1058 2998 ἑὲ
