2264 3420
90 166 94 172 .
244 121 331 172 runs
359 122 400 166 rt
424 119 584 168 uenerit.
606 122 682 172 ost.
710 123 756 170 tr.
896 107 939 196 87

2 243 9 280 ,
49 191 229 258 viscuotut
243 208 336 273 ,aut
358 189 484 277 longam
507 211 609 257 rerum
632 193 742 258 seriem
765 209 811 262 eo
829 193 940 262 ordine

3 331 7 354 r
55 303 228 348 recensete
247 302 311 344 non
334 297 488 366 possunt,
506 301 573 367 quo
594 301 646 345 eas
662 285 829 348 memoriae
846 286 941 347 ma'n-
989 339 992 346 .

3 361 9 460 ι’
58 369 196 436 darunt.
214 369 272 434 Illa
288 369 507 434 memoriarum
524 366 688 434 diversitas
710 370 885 456 peculiares
905 371 942 436 fi·
994 367 1002 385 '

57 459 226 526 brillarum
238 478 421 525 nervearum
432 455 658 543 dispositiones
672 478 725 523 seu
738 458 942 524 constitutio-

3 607 5 610 .
62 569 121 614 nes
137 547 277 634 requirit.
291 545 396 614 Vnde
410 566 507 632 quum
524 544 555 608 in
569 543 700 611 diversis
714 545 872 626 subiectis,
887 547 941 616 im·

3 631 8 708 ζ
62 656 118 699 mo
143 638 174 700 in
198 633 313 700 eodem
337 631 478 700 subiecto
502 633 630 698 diversis
653 635 847 723 temporibus
875 658 941 704 me-

3 715 9 790 Ῐ
60 725 165 788 moria
191 723 318 790 diversa
348 721 410 800 sit,
440 721 570 788 libr'illae
598 743 734 802 nervae,
761 745 800 790 ex
826 722 941 808 quibus

59 814 153 878 nervi
170 830 269 899 atque
287 808 450 878 cerebrum
470 827 635 886 constant,
660 833 717 876 nec
741 813 770 874 in
795 812 941 880 omnibus

5 896 11 910 '
59 900 250 967 hominibus
272 921 331 966 nec
359 899 390 962 in
414 897 527 965 eodem
552 897 679 966 homine
702 899 830 966 diverso
854 918 940 968 tem-

3 983 10 1054 ,'
61 1011 154 1078 pore
176 1006 248 1054 sunt
274 985 413 1054 eaedem.

3 1079 6 1152 ζ
112 1074 203 1146 Vll.
249 1073 431 1163 Imaginatio
448 1092 480 1141 et
496 1076 645 1142 memoria
664 1074 814 1143 exercitio
830 1077 942 1164 ampli·

3 1171 5 1178 ’
64 1163 154 1229 ficari
168 1181 199 1232 et
209 1165 333 1230 extendi
348 1180 493 1253 possunt.
506 1161 692 1252 imaginatio
703 1163 848 1253 quidem,¹
859 1186 944 1252 qua·

3 1315 8 1328 ,
62 1270 163 1318 tenus
177 1275 234 1342 per
247 1254 429 1319 exercitium
442 1269 515 1340 apta
528 1253 668 1318 redditur
682 1255 722 1318 ad
737 1251 842 1340 plures
855 1254 942 1320 ideas

3 1333 8 1414 f
64 1340 162 1405 simul
181 1340 420 1429 producendas,
439 1359 471 1406 et
495 1342 619 1408 easdem
638 1343 809 1430 productas
824 1343 942 1410 diutius

65 1431 313 1496 conservandas.
325 1429 478 1496 Memoria
494 1451 590 1509 vero,
602 1448 759 1518 quatenus
770 1431 844 1495 istas
858 1433 941 1498 ideas

66 1520 224 1584 continuo
247 1519 456 1608 recognoscit.
472 1518 600 1586 Verum
623 1519 663 1582 ad
684 1519 850 1584 iuvandam
865 1541 944 1586 con·

3 1674 5 1676 ,
63 1607 317 1696 firmandamque
335 1608 514 1673 memoriam
531 1608 661 1672 maxime
674 1608 824 1672 conducit
840 1629 943 1674 rerum

3 1763 4 1768 ,
64 1694 153 1760 ordo
180 1696 388 1784 distinctaque
415 1693 602 1783 singularum
631 1698 803 1784 perceptio.
833 1695 943 1762 Pona-

3 1791 5 1798 ’
69 1806 160 1861 mus,
177 1784 209 1862 in
223 1785 352 1852 obiecto
367 1783 475 1870 aliquo
490 1803 547 1850 nos
562 1785 755 1874 distinguere
771 1803 875 1872 partes
898 1787 941 1868 A,

3 1877 4 1880 ’
68 1871 117 1950 Β,
135 1873 163 1936 C
172 1921 184 1952 ,
202 1873 253 1952 D,
271 1873 297 1938 E
314 1891 373 1938 cet.
392 1894 508 1959 easque
530 1873 650 1948 eodem,
663 1874 774 1942 ordine
795 1895 828 1940 se
851 1874 944 1940 exci-

65 1982 170 2049 pere,
194 1982 259 2048 quo
284 1960 405 2028 litterae
428 1961 613 2028 seinvicem
635 1981 883 2048 consequuntur.
900 1961 943 2028 Et

27 2067 30 2072 ·
64 2047 324 2136 primoquidem
347 2048 448 2138 ipsam
470 2051 499 2112 A
524 2050 676 2138 sigillatim
697 2049 786 2118 nobis
811 2073 944 2140 reprae-

64 2138 943 2228 sentamus,nonattentisceterispartibusrntquedein·

10 2252 13 2258 ¹
67 2223 115 2292 de
127 2228 346 2313 cogitationem
361 2227 535 2292 successive
549 2227 589 2291 ad
604 2226 647 2303 B,
663 2227 712 2303 C,
723 2229 778 2304 :D,
793 2245 854 2296 eet.
867 2248 944 2314 pro·
996 2237 1002 2250 '

65 2334 247 2380 movemus.
259 2315 343 2380 Dum
356 2335 414 2402 per
426 2315 559 2404 aliquem
571 2317 720 2400 temporis
731 2331 868 2382 tractum
881 2316 945 2380 sin·

31 2459 40 2484 ,
66 2401 149 2490 gula
170 2401 246 2468 haec
269 2405 370 2469 sensui
388 2403 439 2470 vel
454 2404 660 2492 imaginationi
675 2402 862 2490 praesentia
883 2403 944 2470 sis-

67 2491 166 2555 timus
177 2537 189 2568 ,
212 2507 245 2556 et
265 2491 305 2558 ad
327 2491 497 2570 ordinem,
522 2512 643 2578 quote
665 2491 799 2561 invicem
823 2511 943 2560 conse-

65 2596 234 2664 quuntur,
259 2581 484 2668 respicientes,
511 2580 541 2644 A
565 2597 597 2647 et
622 2580 648 2644 B
672 2580 782 2662 simul,
807 2581 832 2645 B
857 2599 888 2648 et
910 2581 945 2648 C

67 2667 162 2731 simol
177 2684 239 2733 cet.
255 2667 462 2756 percipimus,
478 2667 659 2736 facilitatem
673 2669 865 2754 adquirimus
881 2693 943 2736 una

71 2776 148 2820 eum
161 2757 191 2818 A
204 2756 400 2843 producendi
417 2759 650 2844 perceptionem
666 2758 760 2847 ipsius
778 2757 816 2838 B,
828 2761 943 2824 etcum

70 2841 145 2931 ipso
161 2844 187 2909 B
203 2847 438 2932 perceptionem
455 2845 552 2934 ipsius
573 2846 621 2922 C,
642 2849 737 2912 etita
761 2868 877 2931 porro;
901 2847 943 2911 its
1012 2869 1015 2878 ’
1036 2911 1038 2915 .

66 2947 105 2996 ut
130 2934 265 2998 excitata
290 2933 359 2998 idea
382 2934 481 3018 ipsios
503 2934 532 2996 A
558 2953 697 3000 recurrat
718 2955 850 3020 quoque
872 2932 944 2998 idea

66 3019 166 3108 ipsius
187 3019 232 3101 B,
256 3038 288 3088 et
308 3020 419 3088 deinde
442 3020 513 3088 idea
533 3021 628 3110 ipsius
643 3021 695 3102 C„
710 3039 806 3108 atque
822 3021 866 3088 ita
880 3019 943 3092 ‹ls-
