2258 3428
202 116 248 185 (m
443 137 628 186 umurtvr.
660 136 797 186 annuos.

134 245 136 250 ,
203 228 323 295 raeque
342 206 457 286 ideaee
485 211 529 274 ita
549 210 580 272 in
600 229 679 280 auro
696 211 867 289 colorem,
896 208 1044 297 gratita-

188 313 290 373 tem,
324 297 530 362 ductilitatem
548 344 558 376 ‚
584 297 709 384 aliaque
721 298 854 384 plurima
868 300 1046 386 cognosci-

201 407 296 460 mus,
323 385 379 450 sed
406 387 508 451 molto
536 388 628 475 plura
652 387 850 474 ignoramus.
928 433 931 438 -

268 475 320 538 Ex
339 474 432 540 dictis
456 492 567 562 patet,
595 474 698 540 ideam
718 477 910 560 completam
933 473 1047 540 differ-

202 584 236 628 re
260 562 301 627 ab
324 562 395 628 idea
416 565 591 641 distincta,
621 585 703 651 quae
726 579 829 628 notas·
843 562 974 628 exhibet
993 564 1047 630 'ad

202 675 268 730 pem
295 652 546 740 distinguendam
565 649 782 731 sufficientes,
813 651 950 717 sednon
964 671 1046 718 om·-

202 762 271 812 ues.
303 742 455 808 Ceterum
480 743 522 807 id.
539 743 673 807 maxime
697 741 875 808 carendum
901 757 972 818 est,
1001 763 1046 808 ne
1128 750 1129 767 ¹

203 845 322 895 temere
352 832 574 920 inadaequatas
608 830 700 897 ideas·
728 830 816 896 velot
852 829 1046 931 adaequatae
1128 886 1129 907 p

202 918 293 982 nobis
310 921 489 1008 fingamus,
517 943 556 986 ex
574 919 692 1009 quibus
712 919 828 986 deinde
843 919 964 1005 aliquid
978 939 1047 983 au-

203 1007 333 1078 deamus
360 1008 485 1076 inferre.
517 1009 672 1088 Quamvis
702 1010 782 1074 enim
808 1026 903 1073 notae
930 1027 1044 1072 omues

201 1096 295 1166 uobis
310 1116 497 1185 perspectae
510 1097 677 1163 videantur
690 1120 700 1173 ;
714 1097 781 1163 lieri
798 1115 903 1161 tamen
918 1105 1043 1183 potest,

202 1203 239 1256 ut
261 1186 380 1270 aliquid
405 1185 491 1252 aliud
518 1186 749 1272 explorandum
777 1187 923 1272 supersit.
953 1183 1043 1249 Hinc

204 1295 360 1364 praeceps
392 1274 541 1340 iudicium
574 1297 611 1340 ex
638 1274 748 1352 notis,
785 1296 866 1361 quae
896 1271 1044 1362 cognitae

208 1380 311 1444 pune,
342 1361 463 1428 illatum
498 1385 556 1430 nos
584 1365 616 1430 iu
647 1383 785 1429 errorem
816 1361 910 1428 lacile
943 1361 1045 1453 indo-

206 1469 304 1518 cereu.
706 1505 710 1514 .
989 1456 992 1466 '

207 1584 214 1612 2
249 1542 300 1610 V.
346 1543 449 1608 Notio'
464 1541 633 1629 aliqua-vel
653 1539 736 1606 solas
750 1540 895 1606 continet
909 1538 952 1604 rei
975 1557 1043 1603 no-

204 1645 278 1708 tas,
307 1633 422 1716 quibus
440 1654 486 1698 res
509 1633 580 1719 ipsa
599 1632 751 1720 agnosci,
782 1647 813 1695 et
829 1629 869 1694 ab
888 1628 955 1692 aliis
972 1629 1046 1692 dis-

203 1719 304 1806 tingui
334 1739 465 1804 potest,
498 1721 550 1785 vel
575 1737 825 1808 praeterrnotas
854 1717 923 1782 illa's
950 1737 1045 1784 com·

204 1806 356 1894 plectitur
378 1810 470 1872 etiam
486 1810 559 1873 alias
580 1807 762 1873 affectiones
786 1808 826 1873 ad
849 1829 915 1872 tem
939 1805 1043 1893 ipsam

205 1896 440 1982 agnoscendam
455 1898 579 1962 minime
595 1897 770 1981 requisitas.
800 1894 841 1962 ln
855 1896 960 1983 primo
980 1917 1042 1959 ca·-

204 2004 243 2050 su
257 1983 347 2049 notio
363 1985 568 2073 incompleaea
584 2028 594 2062 ‚
625 1989 655 2049 in
671 1987 772 2051 altero
792 1980 966 2072 complexa
987 1983 1044 2048 di-

201 2069 297 2138 citur.
327 2069 379 2138 lta
407 2077 431 2138 si
461 2075 532 2160 qnis
567 2073 623 2139 sibi
662 2091 878 2162 repraesentat
907 2072 1044 2158 lapidem

206 2178 368 2247 tamquam
392 2165 554 2241 calidum,
584 2180 640 2227 aut
666 2164 706 2229 de
734 2165 813 2227 turri
839 2161 964 2228 excelsa
985 2161 1046 2228 de·

204 2250 330 2337 lapsum
340 2275 350 2330 ;
366 2255 389 2316 is
406 2255 568 2318 notionem
581 2251 678 2317 habet
690 2253 901 2336 complexam.
927 2251 1044 2338 Atqui

206 2339 343 2426 lapidem
370 2342 550 2428 simpliciter
578 2358 609 2406 et
634 2343 699 2405 sine
723 2341 791 2405 aliis
817 2337 972 2404 adiunctis
987 2361 1047 2404 ex-

206 2430 303 2494 ternis
334 2429 574 2516 apprehendit,
601 2432 626 2494 is
656 2431 768 2517 lapidis
794 2431 956 2493 notionem
991 2430 1046 2492 iu-

206 2527 409 2606 complexam
433 2518 542 2585 habet.
573 2519 659 2584 Hinc
685 2519 835 2582 terminus
860 2517 955 2582 etiam
988 2521 1046 2582 in-

205 2607 395 2693 complexus
410 2609 461 2674 vel
476 2606 665 2694 complexus
678 2626 836 2683 vocatur,
862 2623 962 2692 prout
978 2625 1047 2669 no-

205 2695 326 2776 tionem
354 2697 585 2784 incomplexam
615 2696 666 2762 vel
695 2695 893 2784 complexam
924 2693 1046 2784 signifi·

206 2785 471 2850 can-Terminus
510 2786 728 2874 incomplexus
764 2799 868 2871 potest
898 2783 1045 2870 pluribus

206 2882 354 2939 constare
378 2875 537 2958 vocibus,
565 2892 603 2940 ut
615 2874 810 2964 triangulum
831 2871 1046 2954 rectilineum3
