2258 3428
194 133 263 180 rurs
287 135 335 184 rr.
358 137 537 188 uooroen.
560 138 638 186 otr.
661 138 708 187 rr.
815 119 876 214 163

36 203 37 240 i
82 201 233 289 propositio
250 205 481 282 subalternam
506 209 686 295 appellatur
701 205 880 298 particula-

85 289 123 354 ris
137 312 284 378 comparato
305 317 378 362 curn
398 297 587 377 universali,
617 296 676 364 sub
692 319 755 386 qua
771 301 880 362 conti-

64 427 67 438 .
86 393 168 444 netur.
187 383 220 448 E.
237 407 266 472 g.
290 383 540 451 subalternentes
555 406 628 453 sunt
644 386 888 478 propositiones,

88 464 146 532 isne
158 492 166 532 s
180 495 289 540 'ornnes
303 473 442 540 homines
454 490 531 540 suot
543 475 698 542 mortales
714 520 724 555 ‚
754 491 785 541 et
800 480 880 566 qui-

88 552 141 618 den
151 557 277 628 lorrirrs
291 579 367 628 sunt
388 559 545 630 mortales
561 589 571 626 r
598 562 709 630 nullus
724 564 812 630 homo
828 578 880 630 est

77 643 196 728 perfecte
205 649 411 739 philosophus
428 695 439 731 ,
465 671 498 718 et
513 649 649 742 quidam
663 651 804 718 homines
819 675 881 720 trote

76 749 134 796 sont
156 736 292 822 perfecte
312 737 508 829 philosophi.
536 740 777 830 Proposisiones
799 763 880 808 coo·

75 821 246 892 trelictotiae
259 871 268 906 ,
283 830 484 907 contrariae,
500 827 737 894 subcontrariae
751 845 783 896 et
797 829 879 895 snb-

73 907 236 980 slrernanres
255 934 412 987 vocantur
437 917 597 984 communi
623 919 750 984 nomino
776 939 878 1006 oppo-

73 1001 168 1077 sitas,
191 1025 251 1090 quo
274 1005 309 1070 in
324 1026 404 1072 essu
417 1004 543 1083 ¹definiri
560 1023 720 1094 possunt,
750 1025 878 1095 propo-

75 1085 205 1170 sitiones,
229 1115 313 1184 quae
335 1113 400 1158 non
422 1093 597 1174 differunt,
627 1094 683 1160 nisi
703 1092 755 1160 rel
772 1117 881 1182 quant·

73 1171 150 1242 tissto
163 1196 189 1244 et
202 1184 373 1268 qualitates
402 1182 627 1268 volqualitate
649 1200 796 1262 tontum,
820 1203 878 1248 sut

60 1263 128 1326 *sols
148 1273 326 1352 quantitate.
355 1268 610 1338 subalternantes
633 1291 665 1338 et
690 1271 879 1339 subcontra-

67 1347 122 1416 tlae
144 1356 287 1426 dicuntur
315 1359 408 1426 etism
433 1363 606 1448 improprie
633 1363 812 1450 oppositae.

104 1440 162 1512 Vl.
203 1447 390 1538 Propositio
404 1445 620 1514 subalternrsns
636 1451 727 1513 unius
743 1464 880 1514 eontra·

69 1525 182 1612 riarum,
196 1555 242 1604 est
251 1537 497 1602 contradictoria
506 1533 881 1614 alteriuscontrariatunr,

69 1632 97 1680 us
106 1642 138 1683 er
148 1624 361 1712 superioribus
374 1625 610 1698 definitionibus
623 1639 725 1714 potet.
742 1623 790 1688 Sic
805 1643 882 1711 pro-

69 1709 214 1786 positiones
244 1713 424 1780 contrariae
456 1732 555 1780 suotr
586 1711 803 1780 omnishomo
829 1725 880 1776 est

73 1800 342 1882 septemanas
363 1799 450 1867 bomo
473 1817 522 1869 est
549 1805 705 1891 sapt'ettte
726 1799 882 1866 subaltet·
960 1884 963 1890 ¹

70 1898 129 1950 1isus
151 1891 263 1976 prioris
292 1906 364 1956 est:
395 1889 530 1978 quidam
552 1891 640 1956 homo
664 1905 714 1957 rst
737 1894 882 1979 sapiens,

69 1988 203 2054 quaeest
229 1976 476 2046 contradictoria
504 1978 620 2044 huinsr
652 1976 764 2044 nullus
793 1978 881 2044 home

67 2074 106 2123 rst
124 2071 263 2156 rapiens.
286 2067 329 2132 Et
352 2066 493 2132 similiter
515 2068 730 2132 subalternam
753 2081 882 2132 contra·

68 2145 164 2226 riorum
188 2154 375 2244 posterioris
393 2172 466 2236 ests
496 2154 631 2243 quidam
653 2153 740 2218 tomo
759 2175 818 2218 non
832 2154 884 2220 est'

68 2243 208 2322 sapiens,
240 2267 323 2334 quse
348 2242 545 2316 ,contradicit
577 2241 674 2330 priori
706 2242 884 2305 contraria-

65 2339 143 2392 rum:
165 2338 281 2400 somnis,
299 2333 386 2398 lomo
412 2347 462 2396 est
488 2335 633 2419 sapiens.
664 2329 787 2394 Eodem
815 2350 884 2415 rno-

65 2407 103 2472 do
125 2436 235 2500 pater,
266 2421 517 2508 propositionem
542 2420 730 2483 contrariam
754 2416 784 2480 io
810 2436 885 2482 casu

66 2506 230 2580 particulari
255 2525 287 2574 et
315 2509 460 2598 singulari
492 2506 578 2573 abire
604 2508 635 2572 in
662 2504 884 2572 contradictor·

67 2583 134 2654 sisto
148 2597 274 2662 alterius
288 2599 523 2668 contrariarum.
549 2595 590 2658 E.
618 2618 649 2683 g.
678 2619 766 2660 omne
782 2608 884 2660 totum

68 2691 110 2741 est
136 2688 240 2750 matus
270 2709 333 2752 suo
354 2699 481 2774 parte,
508 2703 540 2748 et
575 2707 662 2748 omne
696 2699 799 2747 totum
827 2705 887 2750 non

66 2781 108 2829 sst
122 2776 225 2837 maius
239 2796 303 2840 soa
315 2789 414 2860 parte¹
427 2819 437 2850 ,
466 2791 539 2838 sunt
553 2771 787 2858 propositiones
802 2793 885 2836 con·

70 2858 179 2942 sterion
207 2859 275 2936 laur
292 2863 366 2950 siin
382 2869 462 2936 'essu
489 2859 673 2952 parricnlr'ri
699 2859 749 2924 vol
775 2858 886 2946 singu·

508 2947 567 3014 Lo
