2258 3428
236 139 305 223 ‚154
484 156 678 206 rusrrnvr.
695 155 839 204 russos.
906 183 909 192 .

234 246 325 295 more
349 241 386 309 et
405 227 635 295 consuetudine
659 226 823 292 hominum
848 237 884 288 ut
908 221 990 290 tales
1001 221 1077 298 ¹adn

234 315 317 387 mitti
347 317 487 396 soleant,
509 317 581 382 licet
608 317 829 403 exceptionem
856 314 1030 400 patiantur.

302 403 466 482 Quattuor
489 408 647 495 explicata
675 404 929 494 propositionum
958 422 1077 489 genera

236 489 270 556 in
293 494 407 558 scholis
433 495 587 584 designari
612 493 713 560 solent
732 509 884 581 quattuor
904 488 1080 556 vocalibus

125 621 129 628 ·
234 581 295 658 A,
324 579 357 658 E
371 625 381 664 ,
410 581 450 664 Ι,
478 587 517 650 0.
545 585 588 648 Et
616 583 746 670 quidem
771 581 804 646 A
831 581 962 646 denotat
985 601 1087 666 pro-

235 668 431 758 positionem
457 672 663 740 universalem
687 669 913 746 affirmantem
937 665 971 734 E
1003 668 1086 734 uni*

235 759 389 833 ¹versalem
414 781 600 850 negantemr
621 759 644 826 1
675 761 896 850 particularem
917 755 1080 822 affirman-

235 862 325 928 tam3
356 848 384 914 Ο
415 853 634 937 particularem
664 859 840 939 negantem.
879 847 932 916 Vt
966 864 1077 913 antem

233 931 349 999 harum
372 937 546 1006 litterarum
575 937 757 1028 signi-ficatio
783 936 929 1004 memoria
954 933 1073 1000 facilius

235 1023 435 1108 retineatur,
461 1030 588 1096 duobus
611 1027 817 1120 sequentibus
838 1025 1000 1092 versiculis
1026 1045 1074 1091 ex·

237 1113 331 1201 primi
361 1115 454 1182 solet.
508 1169 513 1184 .
1018 1129 1023 1137 '

303 1202 431 1270 Adserit
466 1205 524 1288 A,
552 1203 727 1296 urgatE„
754 1226 864 1294 uerum
886 1199 1078 1292 generaliter

238 1288 347 1358 ambo:
813 1325 817 1330 ·

304 1379 432 1459 Adserit
461 1379 503 1464 Ι,
537 1396 632 1472 negat
664 1381 727 1463 0,.
747 1381 804 1450 sed
844 1379 1079 1472 particulariter

238 1465 346 1533 ambo.
428 1533 432 1540 ,
1065 1497 1072 1506 ·
1109 1553 1110 1556 ¹

282 1555 350 1626 VI.
392 1557 502 1633 ¹Probe
531 1558 724 1628 considerari
756 1555 852 1626 debet
872 1555 1079 1648 propositio·
1109 1575 1110 1630 t

239 1664 314 1711 num
337 1645 561 1728 affirmantium
595 1670 628 1718 et
671 1649 851 1738 negantium
884 1662 1008 1727 natura.
1038 1643 1078 1712 In
1109 1633 1110 1664 ¹

233 1735 425 1884 Ξτεςάἰςξτᾳ
442 1737 588 1822 quolibet
610 1738 756 1828 distingui
785 1750 921 1826 possunt
935 1754 1079 1823 compre·

261 1827 348 1890 eurio
379 1829 596 1892 steterentin.
626 1823 869 1914 Comprehensio
900 1824 1080 1911 appellatur

239 1905 274 1972 id
301 1933 418 2000 omne,
442 1912 538 2002 vquod
563 1913 845 2002 comprehenditur
878 1911 910 1976 in
946 1912 1079 1979 notione

240 1999 436 2084 praedicati}
461 2007 606 2070 extensio
630 2023 736 2069 autem
760 2017 917 2066 vocantur
938 1999 1080 2082 subiecta

238 2085 293 2162 illa
305 2134 320 2168 ,Α
341 2090 456 2178 quibus
481 2087 566 2158 idem
587 2092 807 2180 praedicatum
826 2089 987 2156 convenit.
1010 2087 1078 2156 Iam

240 2197 318 2242 vero
344 2198 456 2248 esest
491 2181 719 2268 propositionis
746 2175 928 2245 affirmantis
955 2194 1078 2256 natura,

239 2282 279 2350 ut,
302 2268 518 2354 praedicatum
538 2271 709 2359 coniungat
730 2290 804 2332 cum
829 2267 993 2346 subiecto,
1016 2287 1077 2334 non

239 2357 370 2443 quidem
393 2358 484 2444 ¹quod
507 2358 549 2424 ad
573 2381 700 2426 omnem
725 2354 899 2445 praedicati
921 2361 1079 2422 extensio·

239 2464 331 2524 nem,
357 2447 412 2510 sed
432 2447 668 2536 tantumqnod
686 2445 727 2522 ad
748 2466 875 2511 omnem
902 2443 969 2512 eins
991 2467 1078 2512 cont·
1107 2507 1108 2530 p

240 2533 503 2621 prehensionem,
529 2533 591 2621 hoc
609 2553 656 2604 est
668 2581 682 2615 ,¹
701 2555 794 2599 omne
817 2532 849 2599 id
862 2577 872 2614 ,
885 2532 976 2618 quod
993 2557 1078 2600 corn·
1107 2539 1108 2593 l

240 2621 449 2772 prehenditur
466 2623 497 2704 in
516 2626 646 2708 notione
669 2621 841 2712 praedicati
854 2666 864 2700 ,
877 2621 1004 2708 reperiri
1018 2622 1077 2689 de-

267 2724 298 2776 et
323 2712 355 2774 in
374 2711 543 2800 subiecto,
560 2705 623 2776 non
644 2714 718 2796 item
740 2732 832 2776 omne
854 2707 905 2789 id,
927 2708 969 2775 ad
992 2706 1076 2796 quod

242 2796 427 2864 extenditur
441 2799 667 2886 praedicatum.
685 2800 796 2876 Quum
812 2797 895 2868 enirn
911 2798 996 2882 istud
1007 2798 1076 2864 sub·

243 2885 326 2956 iecto
345 2887 548 2980 'plerumque
573 2889 665 2956 latius
692 2902 820 2981 pateat,
849 2889 913 2956 eius
938 2888 1074 2956 extensio
1106 2941 1107 2944 ,
