2260 3404
137 72 204 150 aad
367 84 588 136 *nastrum
613 83 748 138 mtto&
846 85 851 93 '

133 160 200 226 dici
226 170 347 247 potest
363 155 595 236 'simultaneus;
617 177 695 249 ergo
721 157 807 224 nulla
829 171 887 226 est·
903 149 1047 230 solatio.

134 247 231 316 Proh.
263 264 329 310 ant.
355 245 595 312 Determinatur
609 273 625 314 a
639 265 783 315 creatura
796 275 805 326 ;
822 271 898 338 ergo
911 271 979 316 non
990 270 1046 318 est

134 338 348 420 simultaneua
367 335 486 424 'Rern
503 337 547 399 N.
563 357 653 404 cons.
668 339 747 404 Non
760 343 839 402 enim
855 361 1043 406 concursus

134 427 196 491 Dei
222 422 457 488 determinatur
474 446 490 486 a
506 443 660 491 creatura·
675 445 733 511 per
751 429 911 492 actionem
946 451 1045 515 prae·
1112 447 1113 450 ’

133 518 226 579 viam,
256 513 588 577 Namderermmario
604 513 656 579 illa
675 531 917 582 creaturaeeest
942 519 1041 606 ipsius

133 624 301 670 creaturae
309 603 392 666 aetio
408 601 632 685 particularis,
648 621 730 690 quae
747 604 868 692 indiget
893 625 1040 670 concur-

133 715 193 768 su;
212 693 301 776 atqui
313 690 396 753 actio
410 691 462 753 illa
477 707 638 758 creaturae
655 693 850 777 particularis
866 714 935 757 nou
951 716 1050 762 ante·¹
1112 717 1113 742 l

131 783 215 846 cedit
230 778 388 844 actionem
405 777 466 842 Dei
482 783 717 844 concurrentis:
733 783 885 866 siquidem
899 803 954 848 est
975 806 1039 850 vo-

131 871 185 932 lita
203 867 294 931 timul
310 884 340 932 et
353 889 373 930 a
387 865 580 933 creatura-er
594 868 695 936 aDeo
711 871 781 956 ipso
796 894 804 947 ;
819 891 900 957 ergo
921 873 1038 940 deter-

131 959 259 1022 minatio
273 973 521 1021 creaturaenon
537 961 694 1023 antecedit
709 957 763 1024 sed
778 963 956 1026 comitatur
981 983 1034 1027 ac·
1112 1031 1113 1034 ,

132 1048 252 1112 tionem
265 1046 327 1110 Del
343 1041 400 1110 se'd
414 1065 630 1122 concursum3
657 1069 732 1134 ergo
755 1049 828 1112 licet
857 1069 1037 1116 concursus
1112 1049 1113 1088 ἢ

61 1187 62 1192 ,
132 1137 396 1202 determinemus
410 1150 562 1200 creatura
569 1181 581 1212 ,
608 1131 806 1200 nollidcirco
829 1135 1038 1224 subsequitur

130 1241 295 1290 creaturae
313 1223 619 1288 determinationem.
650 1223 758 1301 Quum
775 1225 871 1312 igitur
889 1231 1034 1316 potentia

83 1331 85 1336 ’
129 1313 242 1404 agendi
258 1330 421 1376 creaturae
435 1331 582 1376 concessa
598 1313 708 1376 transit
722 1309 878 1376 adactum
897 1316 1032 1402 aliquem

87 1477 88 1486 χ
126 1402 372 1492 particularem,
388 1399 502 1464 eodem
514 1399 647 1465 ¹instanti
662 1401 811 1490 generalis
826 1402 891 1466 Dei
914 1408 1036 1470 volun·

127 1511 196 1570 tas,
212 1514 295 1579 quae
311 1490 499 1556 terminatur
515 1488 556 1552 ad
572 1489 747 1574 potentiam
764 1489 918 1570 liberam,
936 1511 1034 1580 prout

128 1603 177 1648 est
192 1581 311 1658 libera,
331 1599 389 1646 scu
405 1597 578 1642 concursus
595 1577 626 1642 in
643 1597 715 1643 actu
733 1579 837 1666 primo
857 1589 977 1648 transit
995 1581 1031 1648 ad

127 1672 316 1736 volitionem
340 1667 565 1757 particularem
592 1667 661 1730 ralis
692 1689 823 1732 numero
852 1687 947 1734 actus
955 1719 968 1750 ,
996 1669 1034 1736 ad
1112 1681 1113 1686 ’

126 1776 204 1824 tunc
229 1760 271 1822 ita
297 1757 526 1823 determinatur
553 1768 585 1819 et
608 1757 644 1818 fit
674 1757 891 1842 particularis,
917 1780 977 1824 seu
1003 1762 1036 1825 fit

17 1873 20 1884 ·
95 1900 99 1908 .
124 1868 303 1914 concursus
316 1847 347 1910 in
365 1860 439 1908 actu
457 1843 675 1932 secundo'per
691 1847 849 1910 actionem
865 1866 1037 1915 creaturae

124 1937 167 2004 itu
177 1978 186 2017 ,
198 1957 234 2001 ut
250 1937 332 2000 illam
346 1952 411 1998 non
429 1933 646 2019 subsequatur
660 1933 713 1998 sed
727 1935 944 2000 commitetur.

145 2045 152 2082 .·
195 2023 274 2089 lnsr.
298 2023 464 2112 3.·Actio
483 2015 694 2086 determinans
721 2037 768 2087 'est
794 2024 882 2109 prior
906 2025 1033 2091 actione
1112 2011 1113 2024 ¹

123 2113 333 2179 determinata
350 2111 392 2177 ad
407 2109 719 2178 eumdemerteernm
734 2135 742 2186 ;
763 2111 818 2176 sed
832 2111 1031 2177 determina-

122 2205 169 2268 tio
194 2206 356 2269 creaturae
371 2219 418 2267 est
441 2201 526 2265 actio
552 2198 778 2290 determinant,
802 2217 834 2265 ct
857 2221 1032 2266 concursus
1112 2271 1113 2274 Ἴ

123 2293 245 2358 irract'u
269 2293 411 2358 secundo
425 2309 473 2355 est
488 2289 575 2355 actio
593 2288 823 2363 determinata;
849 2311 930 2376 ergo
948 2290 1029 2355 nulla
1112 2293 1113 2342 l

124 2399 174 2446 est
188 2381 318 2444 solutio.
342 2379 445 2466 Resp.
471 2379 553 2445 dist..
569 2378 642 2444 mai.
667 2377 750 2442 actio
768 2375 986 2443 determinans
999 2395 1031 2443 et
1112 2373 1113 2450 ἶ

121 2469 345 2558 indepenrlrrls
380 2485 428 2533 est
455 2469 544 2555 prior
575 2470 708 2532 actione·
729 2465 964 2545 determinata,
990 2468 1031 2531 C.

121 2575 215 2635 maa,
240 2558 322 2623 actio
350 2559 559 2623 determinans
587 2573 620 2621 et
644 2553 854 2644 dependens,
877 2555 926 2619 N.
958 2557 1027 2620 mai.

121 2641 237 2713 et'dist.
260 2648 334 2733 min,
348 2647 394 2710 N.
410 2669 498 2710 cons.
517 2647 618 2710 'Actio
632 2646 727 2732 igitur
743 2663 908 2710 creaturae
923 2644 1028 2709 derer-

120 2735 448 2816 ntinat'coircursum,
476 2739 547 2824 ipso
562 2755 666 2800 tamen
685 2733 774 2886 priqr
787 2745 854 2796 non
870 2748 939 2810 est,
956 2734 1027 2820 quia

121 2825 240 2912 pendet
270 2846 287 2888 a
313 2843 491 2903 concursu,
526 2845 584 2889 nec
607 2841 714 2910 potest
730 2841 742 2885 t
757 2845 793 2887 ne
808 2821 864 2884 illo
886 2823 1027 2907 concipi,

120 2916 264 3002 quamvis
283 2912 474 2976 determinat
492 2933 694 2977 concursum
710 2913 831 2996 Neque
843 2911 926 2974 enim
939 2931 1032 2975 crea·

119 3013 315 3090 tuta-potest
326 3001 459 3088 concipi
476 3021 570 3090 agens
579 3049 590 3080 ,
607 3002 664 3068 nisi
677 3001 765 3066 Deus
781 2998 1027 3084 ipseconcipia-
1112 3043 1113 3066 1
