2270 3416
235 79 320 126 aaut
343 78 392 126 ιι.
407 81 573 130 ttnroott.
592 81 719 130 ont-ct.
886 81 946 146 151
962 81 968 96 '

35 143 138 214 dinis
164 164 197 220 et
220 148 479 238 dependentiae,
502 152 546 216 N.
576 166 640 214 ant.
668 169 709 220 et,
726 169 816 218 cont.
839 148 950 228 Quum

39 235 278 320 perfectiones,
308 261 389 326 quae
412 243 476 304 enti
502 239 602 306 linito.
617 240 744 316 insunt,
770 259 902 304 numero
918 253 952 304 et

41 324 152 408 gradu
179 325 327 394 limitatae
344 327 406 392 sint
418 371 429 406 ,
448 329 538 398 nulla
561 344 664 412 potest
685 347 753 395 esst
782 327 952 414 proportio

47 415 134 478 entis
158 414 234 480 finiti
259 414 299 480 ad
322 435 377 482 ens
402 414 574 492 inlinitum,
589 413 698 502 quoad
713 416 875 482 entitatem
895 435 954 482 seu

44 519 216 568 numerum
238 519 270 566 et
295 505 426 591 gradum
450 501 699 590 perfectionum,
719 525 801 590 quae
822 504 853 568 iu
876 519 949 570 ente

47 584 175 654 infinito
201 591 373 658 illimitatae
402 612 487 658 sunt.
509 593 637 660 Verum
659 589 721 660 hoc
746 613 810 656 non
832 588 953 667 obstat,

47 677 223 762 quominus
238 699 292 746 ens
308 678 430 746 finitum
444 697 542 766 atque
555 679 894 767 contingens,perrdcat
910 677 952 744 ab

48 782 126 830 ente
152 766 275 830 infinito
296 783 330 834 et
350 768 528 846 necesario,
557 789 659 851 aquo
684 767 879 832 existentiam
900 787 954 832 ac·

49 855 151 940 cepit.
173 852 281 921 ‚lmttto
300 878 339 921 eo
360 857 454 955 ipso,
477 854 566 940 quod
588 875 643 922 eos
676 853 796 918 finitum
822 853 954 941 aliquod
1035 853 1038 864 ¹

51 961 91 1006 ae
108 941 242 1026 proinde
257 943 441 1032 contingent
456 946 575 1020 existit,
600 961 724 1008 necetm
739 960 808 1020 est,
824 958 859 1006 ut
874 943 954 1024 exis·

53 1043 106 1092 tat
137 1031 230 1130 etiam
254 1053 345 1099 tosa
371 1054 405 1098 se
429 1052 525 1120 arque
551 1031 725 1112 inlinitum„
748 1049 786 1097 ur
812 1029 951 1097 demon-

54 1130 237 1184 stravimus.
753 1165 756 1174 .

122 1201 207 1270 Inrt.
236 1228 265 1272 2.
297 1205 391 1296 Opus
413 1207 531 1274 linitum
557 1227 621 1273 uon
651 1203 769 1294 prohat
789 1219 954 1272 auctorent

52 1289 237 1370 infinitumr
267 1295 324 1362 sed
357 1318 451 1362 omne
474 1316 528 1360 ens
547 1294 735 1384 contingens
762 1312 794 1360 et
817 1291 954 1358 mundus

53 1380 129 1468 ipse
149 1380 372 1470 adspectabilis
399 1402 446 1450 est
471 1403 555 1468 opus
583 1382 703 1448 linitum
716 1406 726 1457 r
740 1404 816 1460 erpo
836 1383 955 1448 eteius

31 1468 224 1536 ¹existentia
250 1494 314 1542 oon
341 1473 542 1538 concluditur
572 1471 732 1537 existentia
759 1469 829 1534 Dei.
853 1470 955 1552 Resp.

54 1555 135 1623 dist.
163 1561 232 1624 mai.
247 1585 255 1622 r
271 1581 351 1645 opus
374 1562 494 1624 finitum
516 1563 610 1624 itt-te
635 1565 705 1643 ipso
725 1577 867 1632 tantum,
893 1577 958 1620 noo

55 1644 178 1734 probat
197 1667 359 1714 auctorem
386 1649 560 1737 infinitum,
575 1647 615 1712 C.
631 1648 664 1710 r'u
680 1643 885 1731 producendi
895 1665 959 1708 mn·
1044 1691 1049 1702 .

55 1731 127 1812 do,
143 1751 174 1798 et
194 1737 302 1814 ineo,
319 1736 407 1822 quod
430 1759 495 1804 osse
517 1755 581 1798 non
606 1749 733 1821 potest,
757 1733 816 1800 uisi
843 1731 959 1798 existat

56 1841 117 1976 ppt
131 1842 150 1886 a
158 1843 194 1888 se
202 1869 215 1902 ,
239 1823 375 1912 ideoque
388 1825 559 1902 infinitum,
575 1823 621 1892 N.
636 1821 780 1894 Similiter
797 1822 867 1890 dist.
882 1821 958 1884 min.

101 1931 222 1977 acono.
596 1967 598 1974 .
751 1943 754 1950 ·
860 1959 874 1969 ..
924 1929 926 1934 “

82 2029 86 2034 ·
128 1998 252 2064 Obiect.
277 2020 310 2086 3.
328 2000 407 2066 Non
421 2013 596 2086 repugnat,
611 1997 762 2068 mundum
776 1995 816 2064 ab
830 2012 960 2064 aeterno

66 2083 243 2154 existitiste.
274 2087 350 2174 lpse
377 2089 407 2152 S.
428 2086 568 2156 Thomas
595 2107 625 2153 a.
644 2105 737 2172 part.
753 2104 883 2174 quaest.
905 2092 972 2164 46¹

62 2189 132 2245 are.
159 2194 187 2239 a.
213 2173 290 2240 haec
305 2175 418 2242 hahet:
434 2174 586 2242 mrrndum
599 2193 659 2238 non
679 2197 804 2256 semper
825 2177 963 2238 extitit-

63 2283 101 2327 se
125 2261 195 2329 tola
215 2260 290 2347 fide
313 2271 466 2340 tenetur,
494 2281 524 2328 et
548 2261 802 2334 demotrttrativt
825 2260 966 2348 probari

64 2365 128 2418 non
141 2367 249 2436 potest
255 2375 271 2428 ,·
288 2353 351 2418 sed.
364 2354 394 2416 in
411 2352 470 2416 hac
488 2348 663 2442 hypothesi
678 2371 804 2416 necesse
820 2367 883 2414 nott
902 2361 963 2425 est,

69 2437 231 2504 admittere
248 2441 351 2505 Deum
379 2439 488 2504 mundi
521 2456 703 2515 auctorem
729 2459 803 2532 ergo
824 2437 963 2506 eristen·

66 2525 112 2594 tia
132 2527 189 2593 Dei
210 2527 416 2594 demonstrari
432 2530 549 2614 nequit.
575 2526 679 2612 Resp.
701 2525 773 2592 dist.
792 2527 882 2592 mair
900 2544 973 2590 nou·

70 2634 219 2704 repugnat
241 2615 456 2703 dependenter
476 2618 516 2680 ab
542 2635 613 2680 ente
640 2616 799 2682 trecenario
820 2637 875 2680 seu
899 2633 965 2678 aso

70 2715 227 2788 tamquam
244 2727 260 2768 a
278 2705 433 2792 principio
455 2723 607 2779 externo,
634 2720 716 2768 esto:
745 2701 964 2791 independen-

72 2808 121 2859 ter
135 2792 172 2855 ab
186 2809 258 2858 ente
274 2817 290 2856 a
307 2816 360 2870 se,
386 2795 429 2857 N.
448 2794 515 2858 mai.
537 2814 568 2860 er
593 2786 665 2854 min.
692 2791 780 2856 llaec
807 2787 965 2878 quaestio,

72 2894 175 2943 utrum
193 2881 329 2946 mundns
354 2904 409 2964 per
431 2882 534 2944 Deum
556 2879 595 2944 ab
615 2899 746 2944 aeterno
761 2899 828 2944 este
848 2893 967 2963 potue-

74 2966 133 3049 rit,
148 2991 272 3060 magnas
297 2968 393 3038 habet
417 2969 638 3052 difficultates,
654 2987 686 3036 ct
703 2968 788 3036 illius
808 2965 978 3036 solutione
