2270 3416
98 102 101 108 “
162 93 227 182 176
399 113 749 160 nortmannos.

158 184 246 247 nium
264 181 497 272 particularium
524 183 823 248 subordinationem.
838 180 980 248 Homini
1003 183 1071 249 im·
1126 220 1127 269 ᾗ

159 271 395 361 perscrutabilis
411 289 456 337 est
468 272 619 358 sapientia
633 272 736 336 divina
751 315 762 348 ,
776 286 873 356 atque
886 273 963 335 heic
991 295 1071 336 rur·
1126 284 1127 287 ’

159 365 277 438 sumet
294 381 387 442 saepe
401 362 523 448 saepius
538 360 779 426 exclamandum
798 375 935 426 estcum
952 362 1070 450 Apos·

158 449 246 512 tolo:
275 448 303 513 O
324 447 469 514 altitudo
485 453 669 536 sapientiae
686 452 749 514 διο.

203 533 286 600 XII.
333 539 457 601 Bonum
480 540 514 601 s‘n
542 559 576 602 se
601 537 717 623 aliquid
735 534 870 614 dicitur,
895 552 1064 624 quatenus

159 644 226 690 eam
248 626 278 690 in
305 647 337 690 se
361 623 453 688 habet
470 621 697 710 perfectionem
714 623 832 710 absque
849 627 1011 691 relatione
1022 626 1061 692 ad
1126 676 1127 689 .

160 713 256 777 aliud.
290 713 400 788 Quare
428 713 548 777 bonum
572 712 680 778 relate
708 713 749 778 ad
783 712 871 778 aliud
907 733 1058 793 vocatur,

160 799 248 883 quod
274 802 314 864 ad
340 801 565 886 perfectionem
600 801 727 866 alterius
760 800 882 887 aliquid
915 801 1055 867 confert.

158 888 280 953 Malum
301 893 335 954 in
357 913 391 954 se
413 887 530 975 aliquid
550 890 751 975 appellatur,
766 893 1057 978 quatenusimper-

160 973 256 1040 fectio
288 978 442 1064 quaedam
469 979 527 1064 ipsi
554 976 703 1045 inhaeret.
732 977 774 1042 Et
798 977 919 1042 malum
952 979 1054 1044 relate

158 1065 297 1130 adalind
319 1067 431 1131 dicitur
447 1087 457 1143 3
485 1067 573 1150 quod
586 1065 626 1130 ad
642 1064 911 1152 imperfectionem
928 1067 1056 1132 alterius

158 1153 280 1242 aliquid
308 1153 443 1219 confert.
478 1153 599 1216 Malum
634 1154 888 1242 metaphysicum
926 1155 1056 1234 dicitur,

156 1243 245 1329 quod
269 1265 308 1306 ex
332 1260 445 1308 natura
467 1263 522 1305 sua
545 1263 609 1306 rem
631 1240 895 1330 imperfectiorem
923 1243 1052 1310 reddere

159 1349 313 1395 censetur.
333 1329 382 1394 lta
404 1330 435 1394 in
453 1329 628 1394 intellectus
643 1329 742 1395 nostri
758 1331 902 1394 limitatio
919 1331 1053 1396 habetur

159 1437 218 1504 pro
248 1418 329 1481 rn'alo
362 1436 441 1484 meta
469 1415 609 1508 hysico,
641 1421 714 1506 quia
740 1417 918 1484 intellectus
949 1436 1054 1489 noster

157 1505 252 1594 longe
272 1504 355 1573 foret
380 1443 568 1594 perfdctior,
593 1505 619 1570 si
643 1531 680 1574 ea
706 1507 890 1572 limitatione
918 1528 1051 1576 careret.

154 1595 276 1660 Malum
295 1596 463 1748 pplpsicum
489 1611 645 1674 vocatur,
674 1595 762 1685 quod
787 1612 904 1660 statum
930 1597 1052 1678 mundi,

341 1709 356 1750 e

156 1687 265 1772 quoad
297 1707 313 1749 e
359 1703 428 1748 ctus
451 1685 626 1761 naturales,
651 1682 920 1770 imperfectiorem
941 1685 1051 1752 redde-

157 1777 362 1838 recensetur.
379 1771 417 1836 E.
435 1795 464 1860 g.
481 1789 674 1862 ternpestaS,
699 1793 762 1860 qua
787 1769 941 1835 damnum
960 1773 1053 1840 infer·
1127 1785 1128 1860 ξ

155 1877 208 1928 tur
231 1861 371 1952 frugibus
395 1876 426 1926 et
442 1860 588 1938 aedibus,
607 1860 719 1924 dicitur
734 1861 849 1923 malurn
866 1861 1051 1948 physicum,

154 1967 326 2038 propterea
355 1949 444 2038 quod
459 1966 556 2032 status
582 1948 689 2015 mundi
704 1993 713 2027 ,
729 1949 837 2034 quoad
851 1947 987 2014 effectus
998 1974 1052 2015 na·

155 2038 292 2114 rurales,
316 2056 462 2102 censetur
490 2035 716 2122 imperfectior,
743 2057 838 2121 quarn
868 2037 894 2098 si
930 2040 1047 2103 nullum

155 2147 302 2212 umquam
317 2125 454 2212 frugibus
471 2144 523 2189 aut
541 2125 669 2188 aedibus
686 2125 833 2190 damnum
849 2146 867 2188 a
882 2139 1049 2214 tempesta·

155 2232 189 2282 te
214 2233 294 2281 esset
315 2215 530 2278 metuendum.
546 2214 665 2277 Malum
682 2213 818 2298 denique
830 2211 957 2278 artorale
973 2237 1051 2278 nun-

154 2303 556 2391 cupatur,quodinha'ere:
569 2300 742 2364 actionibus
756 2300 861 2368 liberis
870 2299 1048 2384 hominum,

156 2393 199 2458 ob
212 2393 299 2481 quod
314 2391 420 2458 aedem
438 2391 584 2456 dicuntur
597 2394 743 2455 vitiosae.

153 2559 247 2628 Duvs
278 2581 337 2625 usu
369 2581 484 2624 vaMu
518 2579 628 2625 uouvs
657 2579 717 2622 sav
749 2577 898 2623 otmarus
930 2578 970 2621 ru
998 2578 1044 2640 ss,

131 2673 132 2678 ’
203 2681 349 2732 arvsovu
365 2663 514 2728 sortiris
541 2677 779 2728 ussuurrarrs'
797 2682 855 2728 usu
876 2681 1044 2727 nuruum.

194 2827 292 2893 XIII.
338 2828 432 2891 Prob.
456 2829 519 2891 Ens
533 2829 615 2893 enirn
638 2827 755 2892 bonurn
776 2828 807 2890 in
825 2851 857 2892 se
871 2844 939 2903 est,
962 2851 1045 2916 qua-

149 2927 242 2978 tenns
259 2917 316 3000 ipsi
332 2915 412 2977 inest
428 2916 596 2999 perfectio,
614 2916 750 3002 ideoque
773 2925 826 2978 ens
844 2917 874 2979 in
896 2936 928 2980 se
957 2917 1048 3003 opti-

152 3020 242 3072 mum
257 3021 310 3066 seu
326 3022 443 3067 summe
456 3005 576 3069 bonum
590 3005 647 3070 erit
654 3051 666 3086 ,
683 3004 733 3072 cui
749 3004 827 3071 inest
850 3003 951 3069 omnis
977 3024 1046 3094 per·
1127 3093 1128 3096 Ἴ
