2258 3404
211 193 217 205 ,
264 139 351 210 ωε
373 137 412 182 rr.
439 133 592 182 uetare.
613 134 688 182 oar.
708 138 753 196 1.‚
898 117 958 212 i73'

1 263 8 302 p
60 229 151 274 cesse
177 231 262 288 esse,
283 205 420 295 utquod
441 204 603 270 decretum
627 227 664 268 ac
685 207 872 292 praescitum
899 217 965 291 es't,'

64 297 208 362 eveniat.-
232 299 319 366 Nam
345 296 378 360 id
403 309 526 360 tanturn
555 313 681 359 necesse
708 314 753 360 est
776 302 964 366 necessitate

8 377 10 386 '
63 383 276 472 hypothetica
289 434 301 464 ,
327 407 392 450 non
416 403 492 447 vero
515 382 700 448 necessitate
731 383 887 451 absoluta.
915 387 968 454 Et'

7 529 10 541 .
64 475 148 537 ratio
163 492 228 560 est,
254 477 328 560 quia
352 474 427 538 dum
454 468 583 557 ponitur
601 469 760 536 decretum
775 493 829 538 aut
847 493 966 564 praes-⁴

66 561 179 628 cientia
197 563 238 627 tei
257 563 402 640 futurae,
422 560 551 647 ponitur
572 560 683 638 eriam,
706 563 845 627 eamdem
867 561 966 628 futu&

1 649 9 682 ‘⁰'
65 668 132 714 tam
155 671 236 716 esse.
249 651 352 720 Vnde
366 647 573 738 hypothesim
588 647 705 714 decreti
721 667 774 713 aut
792 655 961 737 praescien-

65 739 126 804 tiae
160 736 590 820 necessario-consequitur,
621 759 684 802 rent
718 739 876 805 decreram
905 751 967 807 aut'

1 868 8 914 ,3
65 829 252 914 praescitam
269 848 335 894 esse
351 822 500 891 futuram.
518 825 563 887 At
578 823 636 888 'illa
652 827 818 892 necessitas
834 850 898 892 non
913 835 965 894 est

0 911 1 995 j
66 914 234 995 absoluta,
253 917 327 1004 quia
352 915 512 980 decretum
539 929 637 998 atque
664 916 867 1001 praescientia
893 940 960 988 rem

61 1025 179 1068 natura
204 1005 259 1069 sua
286 1004 521 1090 contingentem
548 1000 756 1066 aut'liberam
779 1004 963 1090 relinquunt

1 1089 6 1166 Ϊ
64 1091 99 1156 in
117 1113 172 1156 sua
186 1093 401 1180 contingentia
425 1111 455 1156 et
485 1089 643 1162 libertates
656 1091 766 1178 Atque
782 1092 960 1156 immutabi-

2 1187 7 1196 '
64 1179 140 1244 litas
165 1180 281 1246 decreti
308 1201 344 1244 ac
368 1177 556 1242 infalibilitas
578 1181 802 1268 praescientiae
828 1203 892 1248 non
920 1202 962 1246 ex

2 1335 5 1341 ,
63 1269 109 1333 rei
124 1265 248 1334 futurae
264 1269 447 1334 necessitate
462 1287 498 1330 ac
511 1264 763 1332 immutabilitate
778 1269 833 1334 sed
849 1291 887 1338 ex
902 1291 960 1334 na·

1 1391 4 1436 3
63 1375 138 1421 tura
165 1357 335 1422 voluntatis
364 1353 601 1422 acintellectus
632 1354 693 1418 Dei
720 1375 898 1424 naseuntur.
928 1357 961 1423 Si

64 1447 137 1532 quis
161 1467 237 1510 vero
252 1446 359 1524 dicat,
375 1441 513 1530 supponi
528 1463 620 1530 posse
637 1465 700 1508 rem
715 1447 962 1534 contingentem,

1 1542 5 1550 '
63 1550 122 1597 aut
134 1533 229 1600 libere
240 1533 374 1598 futuram
388 1552 452 1595 non
466 1551 535 1596 esse
545 1527 693 1609 futuram,
703 1534 957 1622 quodtepugnat

64 1621 317 1687 immutabilitati
328 1619 446 1686 decreti
461 1618 728 1706 et‘praescientiae
740 1619 861 1694 divinae
872 1619 963 1686 infal-

1 1723 3 1786 ζ
62 1709 200 1775 libilitati
209 1733 218 1789 3
232 1708 485 1796 respondendum
498 1724 559 1785 est,
572 1707 603 1772 id
618 1729 712 1794 posse
723 1710 856 1796 supponi
870 1727 962 1776 extra

1 1797 2 1800 ’
63 1797 273 1886 hypothesim
288 1797 408 1864 decreti
425 1817 462 1860 ac
480 1796 703 1882 praescientiae
719 1797 839 1871 divinae
855 1820 910 1864 seu
928 1799 968 1862 in¹

1 1899 2 1960 j
64 1909 164 1951 sensu
178 1887 299 1966 diviso,
314 1907 377 1950 non
393 1904 498 1952 autem
513 1885 543 1947 in
558 1883 731 1972 hypothesi
747 1884 827 1952 facta
844 1887 962 1954 decreti

64 1997 105 2038 ac
120 1975 342 2063 praescientiae
355 1997 409 2040 seu
425 1975 456 2036 in
470 1989 565 2038 sensu
577 1979 759 2061 composito.
779 1976 865 2039 Dum
880 1976 961 2040 enim

65 2083 118 2128 res
136 2066 328 2150 supponitur
343 2087 361 2128 a
375 2065 447 2127 Deo
471 2060 596 2126 decreta
614 2080 709 2146 atque
727 2065 878 2148 prestita,
890 2085 963 2152 sup·

66 2152 203 2236 ponitur
214 2154 325 2228 etiam,
342 2173 410 2215 eam
426 2171 495 2214 esse
509 2147 666 2228 futuram,
682 2170 712 2214 et
733 2152 807 2218 ideo
824 2152 900 2217 dum
930 2154 963 2218 in

65 2238 242 2327 hypothesi
261 2240 378 2305 decreti
392 2260 428 2302 ac
450 2238 672 2326 praescientiae
684 2239 743 2303 Dei
758 2244 962 2326 supponitur,

66 2349 136 2392 rem
164 2328 321 2392 decretam
346 2346 383 2390 ac
412 2327 600 2414 praescitam
628 2347 692 2388 uon
722 2349 788 2392 esse
809 2326 962 2404 futuram;

69 2415 139 2479 duo
159 2416 250 2479 simul
273 2413 522 2480 contradictoria
542 2432 721 2500 ponuntur,
738 2414 883 2480 videlicet
900 2437 967 2481 rem

68 2523 140 2568 esse
155 2501 289 2569 futuram
303 2521 333 2568 et
348 2507 531 2568 tamennon
548 2523 615 2566 esse
633 2500 782 2567 futuram.
799 2504 967 2568 Hactenus

67 2593 99 2654 in
133 2591 269 2658 decretis
301 2591 412 2656 divinis
447 2589 712 2675 multiplicitatem
743 2591 967 2682 diversumque

69 2678 212 2746 ordinem
226 2680 500 2744 consideravimus.
518 2678 561 2740 At
575 2679 752 2742 cavendum
773 2697 838 2755 est,
864 2705 901 2746 ne
924 2682 967 2748 de

73 2767 146 2833 Deo
163 2791 200 2834 eat
214 2767 305 2832 nobis
323 2767 397 2852 ipsis
422 2765 614 2842 iudicemus,
637 2764 759 2852 ipsique
779 2767 968 2847 tribuamus,

72 2858 161 2941 quod
192 2859 222 2920 in
249 2859 359 2920 nostro
388 2855 554 2932 dumtaxat
582 2855 742 2920 intellectu
781 2857 897 2921 existit.
926 2857 970 2918 Et

70 2943 207 3030 quidem
238 2944 327 3008 Deus
345 2945 449 3006 omnia
479 2941 518 3004 ab
547 2959 674 3006 aeterno
700 2961 732 3009 et
756 2943 848 3006 simul
874 2961 970 3030 atque
1085 2997 1092 3008 ,

80 3032 176 3102 unico
195 3032 355 3098 intellectu
370 3048 449 3096 actu
461 3029 641 3118 cognoscit:
659 3031 763 3096 omnia
790 3033 970 3096 simuluni-
1055 3056 1060 3062 ·
