2270 3416
279 125 362 174 rent
385 123 416 172 tt
433 123 592 174 mertun.
617 123 694 175 oar.
718 127 748 174 ι.
872 140 875 149 ·
904 121 964 204 rt,

46 195 393 284 fectissimocornpetit
413 197 580 262 existentia
608 199 801 279 necessaria,
832 198 967 292 ideoque

51 285 241 352 necessario
265 287 393 365 existit,
421 301 532 370 estque
555 305 610 349 ens
638 306 736 365 ase,
761 310 837 378 ergo
860 293 968 364 existit

57 375 167 441 Deus.

132 459 270 527 Duabus
292 455 557 548 praecedentibus
572 459 892 534 demonstrationibus
907 486 967 537 tet·

57 549 104 614 tia
130 551 204 616 addi
220 567 344 638 potest,
360 569 439 634 quae
456 569 494 613 ex
507 545 768 634 philosophorum
782 571 812 619 et
824 559 964 643 gentium

55 640 203 704 omnium
217 657 372 703 consensu
388 636 576 702 desumitur.
607 635 770 706 Praeclare
793 647 966 731 sapienter·

55 750 124 813 que
150 727 329 792 observavit
355 725 487 789 Ciceros
506 722 597 814 qnod
623 723 717 792 nulla
733 748 815 812 gens
829 737 873 797 sir
894 749 965 802 ram

60 819 217 882 immanis
246 836 347 904 neque
380 829 450 879 taam
473 809 577 892 sera,
611 833 804 900 quaestori,
835 825 969 891 etiamst

55 909 212 992 ignoret,
242 899 374 991 qualem
398 901 508 965 Deum
539 898 659 966 hahere
686 899 826 983 deceat,
853 925 964 980 samm

56 989 245 1058 habendum
266 993 362 1056 sciat.
389 987 474 1066 Quia
489 1007 587 1065 vern,
612 1005 648 1052 ut
664 987 705 1052 ait
731 991 815 1058 idern
832 997 965 1082 Cicero,

58 1083 149 1144 omni
172 1081 205 1143 in
230 1099 265 1142 re
287 1081 446 1144 consensio
469 1079 606 1142 omnium
624 1079 769 1163 gentium
784 1078 842 1146 Ira
861 1103 965 1153 nata·

60 1190 124 1233 rae
143 1163 296 1254 putanda
323 1179 393 1242 est,
423 1164 558 1250 supremi
587 1164 737 1245 numinis,
762 1171 877 1256 primae
894 1197 967 1240 cau·

60 1277 117 1320 sae
134 1255 272 1342 cognitio
290 1252 331 1318 ita
355 1271 404 1320 est
419 1271 561 1318 anatum
586 1253 754 1338 impressa,
772 1275 806 1324 ut
824 1282 841 1326 a
862 1265 966 1330 nemi·

55 1365 101 1408 ne
123 1341 157 1406 in
184 1339 313 1408 dubium
328 1340 434 1405 vocari
456 1340 567 1428 possit.
586 1340 702 1426 Neque
715 1351 963 1430 praetermitten-

60 1432 105 1496 da
127 1447 175 1496 est
198 1430 437 1519 praeclarissima
455 1429 512 1492 alia
535 1428 699 1494 Ciceronis
722 1435 916 1504 ratiocinatio
929 1446 965 1510 in
1062 1495 1064 1500 .

58 1533 190 1610 quaest.
219 1513 406 1584 tusculan:
432 1521 506 1604 ipra
527 1521 608 1580 enim
629 1523 783 1604 cogitatio
809 1523 852 1588 de
872 1531 909 1590 vi
929 1545 964 1595 et

58 1622 187 1674 natura
214 1605 346 1672 deorum
368 1607 515 1672 studium
543 1606 686 1670 incendit
714 1605 806 1674 iliius
826 1621 966 1683 aeterni·

58 1698 146 1762 tatis
176 1692 385 1771 imitandae,
414 1714 516 1782 neque
551 1713 585 1757 se
614 1696 648 1758 t‘tt
681 1695 842 1764 breuitate
873 1707 964 1774 vitae

61 1782 257 1852 collocatum
280 1795 401 1870 putat,
428 1801 525 1869 qnum
546 1800 653 1846 rernm
676 1804 796 1852 cantas
816 1788 904 1856 aiias
919 1818 963 1860 ex

63 1870 146 1940 aliis
169 1885 272 1958 aptas
301 1885 333 1936 et
361 1872 557 1936 necessitate
582 1891 687 1934 nexas
713 1873 813 1940 videt.
840 1879 966 1968 Quibus

62 1962 110 2028 ab
137 1975 267 2026 aeterno
294 1973 437 2046 tompore
453 1954 642 2044 fluentibus
658 1961 691 2025 itt
706 1977 892 2050 arternum,
908 1997 969 2042 γα·-

61 2052 111 2118 tin
138 2063 247 2112 tamen
273 2068 424 2135 mensque
440 2043 680 2110 moderatum...
701 2045 796 2119 Hinc
821 2055 885 2126 itta
908 2089 967 2133 co.

56 2138 168 2228 gnitr'o
191 2137 325 2200 virtutis
345 2135 480 2210 existit,
499 2129 709 2220 efflorescunt
726 2159 851 2226 genera
876 2173 970 2236 par-
1034 2217 1039 2228 ι

61 2243 177 2312 tesqua
191 2227 348 2288 virtutum
362 2244 377 2300 ,·
402 2223 585 2298 inuenitur,
610 2221 696 2309 quid
709 2233 778 2304 sit,
799 2239 890 2318 quod
901 2263 966 2308 na.

63 2329 145 2380 tura
161 2327 286 2400 spectet
311 2312 424 2377 bonum
450 2313 483 2374 in
508 2311 686 2388 extremis,
734 2319 800 2380 nort
817 2323 851 2383 in
868 2330 971 2401 matt,
1038 2327 1042 2338 “

64 2399 235 2479 altimum,
261 2421 346 2488 quae
376 2395 549 2478 referenda
576 2400 641 2461 sint
663 2332 794 2483 ofstqcta,
810 2416 895 2494 quae
909 2417 969 2486 de-

61 2485 194 2578 gendae
219 2490 343 2554 aetatis
369 2489 456 2552 ratio
479 2482 662 2572 diligenda.
752 2539 759 2548 .

136 2575 277 2641 Tertium
301 2575 377 2640 iilud
388 2573 666 2648 demonstrationis
687 2597 782 2662 genus
790 2602 807 2657 ,·
822 2590 912 2668 quod
926 2617 969 2667 ex

72 2661 330 2753 phiiosophorum
354 2679 387 2732 et
415 2664 552 2750 gentium
569 2663 708 2728 omniunt
734 2687 890 2742 consensu
912 2669 970 2752 dea

73 2754 227 2830 sumitur,
253 2749 351 2816 fusius
377 2749 623 2838 explicabimus,
650 2767 766 2838 utpote
790 2757 968 2840 facillimum

74 2859 106 2910 et
130 2859 242 2906 tamem
268 2841 483 2906 certissimum.
507 2838 652 2903 Eristere
679 2839 780 2912 Deum
802 2867 853 2914 seu
883 2881 969 2928 ensa

67 2950 122 3007 se,
136 2930 242 2994 mundi
266 2929 356 2992 huius
377 2923 596 3010 adspectabilis
612 2946 805 3012 creatorem,
828 2945 969 3014 certissi-

64 3039 150 3090 mum
178 3035 226 3080 est
251 3038 291 3082 ert
319 3013 533 3100 antiquissima
558 3016 683 3168 Moppis
711 3016 859 3108 historia,
885 3053 969 3122 qua,

111 3103 194 3172 Tam.
215 3101 267 3170 ΙΙ.
