2326 3438
909 133 965 184 m

14 207 19 214 '
113 217 151 272 ot
170 198 966 295 ssaearenexetrsvestr.·Deprrnoregustatum

114 305 307 361 nostrarum
330 294 513 382 principio,
537 291 580 360 dr
595 297 725 360 unitate
746 297 833 360 entis
847 311 968 360 trans·

115 379 335 458 armentali,
363 381 406 462 de
421 385 582 470 principio
606 381 901 460 individualem,
922 382 974 451 dr.

116 474 261 536 essentia
285 483 318 534 et
339 473 546 546 existentia,
571 469 612 536 de
631 471 700 536 aliis
720 469 972 559 quaestionibus.

115 557 260 646 plurimis
285 558 401 642 equod
430 559 652 628 altercationes
674 577 706 626 et
731 559 971 648 ingomarhiae„

115 669 198 733 quas
213 645 306 712 facile
320 647 482 716 dirimeret
500 668 645 712 accurata
664 647 828 714 definitio?
843 648 971 720 Eadem

114 735 160 801 de
172 757 267 800 causa
278 738 332 800 liar
342 781 352 814 ‚
362 753 398 802 ur
410 738 439 800 in
456 735 550 803 rebus
565 739 657 802 etiam
672 737 816 804 leuissimi
826 737 880 814 rel
894 738 973 812 nui-r

116 823 180 890 lius
197 824 343 914 negotii,
365 828 480 892 mutuis
505 825 621 892 iniuriis
637 845 706 892 sese
726 826 899 906 aliquando
915 827 971 895 Ια-1

115 928 243 980 cessam
261 912 437 980 acerbiores
455 913 665 1002 philosophi,
688 930 720 980 er
743 911 869 986 urbanis
893 915 972 988 viris

118 1021 188 1068 sese
212 1003 360 1068 ridendos
382 1003 555 1090 praebeant
571 1048 581 1083 ‚
597 1003 763 1091 ipsamque
779 1005 872 1070 etiam
887 1002 969 1091 phin¹

116 1088 299 1173 losoplriam
314 1092 446 1159 ludibrio
462 1109 638 1180 exponant.

127 1241 137 1264 κ
184 1179 286 1258 Quod
301 1180 481 1248 adulteram
498 1199 621 1268 spectat
632 1179 873 1271 metaphysicae
887 1201 965 1268 par·

117 1280 184 1332 tem
201 1313 211 1344 ‚
228 1268 522 1360 pneumatologianr
542 1269 660 1339 scilicet
675 1314 686 1347 ‚
700 1288 802 1336 rotam
823 1270 906 1338 illius
921 1292 966 1334 u·
1006 1333 1008 1344 ,

116 1355 293 1435 uilitatem,
315 1354 380 1424 fere
404 1359 505 1426 dicam
535 1361 754 1426 necessitatem
779 1357 880 1426 fusius
901 1383 966 1426 ex··.

115 1465 249 1534 ponam.
274 1447 537 1536 Pneumatologia
568 1447 719 1514 dividitur
736 1448 767 1512 in
793 1451 967 1515 scantiam

116 1532 161 1599 de
188 1535 263 1600 Deo
298 1537 363 1602 sive
391 1535 586 1626 theologiam
617 1535 839 1615 naturalem,
869 1557 966 1622 quam

116 1619 206 1689 Deus
240 1645 296 1711 pet
330 1625 555 1692 revelationem
586 1621 838 1708 sanctificavit,
870 1641 903 1690 et
933 1625 965 1691 in

118 1714 290 1780 scientiam
305 1710 349 1779 dr
363 1718 486 1780 anima.
501 1715 589 1794 Quia
604 1735 681 1780 vero
694 1735 734 1780 err
748 1712 872 1780 animae
888 1729 966 1778 not·

51 1837 55 1842 ·
115 1813 184 1868 trae
212 1801 463 1870 consideratione
495 1804 535 1870 ad
562 1801 821 1890 perfectissimum
854 1823 961 1870 rerum

116 1890 258 1956 omnium
281 1907 460 1960 creatorem
483 1892 702 1980 assurgimus,
730 1912 817 1960 recta
832 1891 965 1960 merho-

118 1976 180 2042 dus
203 1979 372 2064 postulat,
398 1997 434 2044 ut
462 1983 621 2048 scientiam
643 1981 685 2048 de
708 1981 812 2048 anima
827 1982 964 2068 primum

119 2068 326 2154 explicemus.
348 2069 465 2136 Anima
487 2069 708 2138 consideratur
724 2070 777 2136 vel
796 2073 830 2134 in
849 2072 965 2140 ordiar

117 2157 233 2235 adse,
256 2157 307 2224 vel
321 2159 356 2222 irr
384 2154 840 2247 ordinradcorprrs.‘1taque
862 2159 903 2224 de
923 2179 965 2222 a·

117 2245 221 2310 nimae
236 2243 454 2333 spiritualitate
469 2264 564 2334 atque
579 2245 832 2323 immortalitate,
851 2247 977 2324 variis-5¹

117 2355 182 2420 que
199 2333 284 2400 illius
300 2332 502 2402 facultatibus
516 2334 733 2422 agendumest
750 2377 760 2411 ,
785 2352 821 2396 ac
837 2334 965 2407 tandem

117 2421 159 2489 de
179 2423 420 2490 'sensationibus
453 2425 666 2494 tractandum·
693 2424 823 2494 Verum
847 2421 880 2502 in
904 2421 966 2488 hau

116 2510 304 2597 amplissima
329 2533 435 2579 rerum
471 2513 702 2580 utilissimarum
739 2510 833 2597 copia
866 2513 966 2584 multa

119 2615 222 2678 ruint,
245 2622 327 2688 quae
351 2601 501 2667 lectorem
524 2602 682 2666 monitum
711 2601 814 2668 selim.
832 2599 876 2666 Et
891 2600 965 2690 pri-

119 2709 211 2754 mum
235 2687 368 2777 quidem
393 2688 637 2779 distinguendae
653 2705 725 2755 sunt
740 2687 908 2778 diligenter
931 2705 966 2764 et,

118 2794 266 2843 accurate
282 2776 466 2844 tractandae
477 2781 680 2867 gravissimae
695 2781 897 2861 quaestiones
922 2780 968 2854 ad

114 2865 217 2964 laram
225 2865 402 2960 Religionis
417 2866 621 2947 substantiam
635 2868 969 2960 periermeniarum
