2264 3420
196 109 240 178 86
458 129 649 185 rusrrrvr.
676 129 807 174 aureos.

192 197 252 266 bro
271 194 362 264 ideae
378 199 555 282 materiales
576 199 635 264 iiiia
657 196 904 284 respondentem
922 197 1077 263 memoria

141 353 145 362 ,
192 282 393 364 materialis,
409 306 464 352 seu
475 286 509 352 in
524 285 656 353 cerebro
671 286 881 363 considerata,
897 284 978 352 nihil
992 287 1080 351 alind

193 391 267 450 est,
295 393 390 456 quam
408 372 568 456 farultar
596 378 716 440 iterum
740 372 952 462 producendi
982 375 1079 440 ideas

194 459 397 528 materiales.
427 461 513 526 Hinc
537 483 637 548 quom
662 461 720 526 ista
743 459 873 527 facilitas
896 461 933 526 in
957 464 1079 528 actuali

195 550 335 638 quadam
349 548 468 614 cerebri
484 550 660 630 mutarione
675 543 840 627 consiatar,
859 571 877 614 a
892 571 990 616 causa
1005 573 1077 614 nra·

194 636 294 704 reriali
310 635 446 724 pendet,
463 660 499 704 ac
513 639 646 725 proinde
659 661 677 702 a
692 638 790 702 causis
810 658 951 725 qunque
972 658 1073 704 mare-

192 727 321 792 rialibus
336 727 386 790 vel
404 747 531 810 prorsus
547 725 739 804 destrui-vel
753 749 791 792 ex
808 742 900 811 parte
918 727 992 790 tolli
1012 750 1074 815 po-

123 861 127 870 ·
194 830 270 884 test.
281 814 437 881 Memoria
449 815 681 903 igituracausis
694 813 906 882 materialibus
928 815 1071 902 laedipo

193 920 276 980 test,
293 923 323 970 er
338 903 410 968 ideo
425 903 636 980 observamus,
647 903 827 970 memoriam
842 904 972 988 saepius
988 904 1065 969 debi-

193 990 272 1056 litari
286 991 316 1056 ri
328 990 511 1056 morborum
530 1008 695 1058 acutorum
712 999 809 1078 atque
824 990 942 1076 capitis
961 1009 992 1059 et
1007 995 1077 1080 ipra.

194 1098 378 1158 senectute,
400 1081 588 1169 quanervis
610 1101 648 1144 ac
668 1079 799 1168 proinde
820 1079 963 1146 cerebro
982 1081 1070 1148 creari

194 1170 275 1237 solet
290 1167 423 1235 mutatio
439 1168 557 1256 aliqua.
879 1195 880 1199 ¹

238 1254 308 1325 VI.
345 1256 454 1333 Plures
468 1274 540 1322 sunt
552 1257 717 1322 memoriae
728 1256 759 1320 in
771 1253 904 1324 diversis
923 1255 1070 1323 subiectis

194 1341 402 1410 differentiae.
414 1364 442 1410 1.
457 1346 518 1418 Alii
534 1343 731 1409 diuturniore
743 1343 858 1408 obiecti
873 1348 1069 1433 contempla·

194 1430 283 1498 tione
299 1429 582 1516 facilitatemjdeas
598 1430 844 1521 recognoscendi
861 1431 919 1515 sibi
937 1454 1071 1521 compa·

196 1541 290 1600 rant,
312 1521 361 1586 aiii
380 1517 482 1585 “minus
504 1521 655 1595 diuturna
677 1520 957 1607 contemplatione
984 1525 1025 1586 ad
1045 1522 1072 1586 id

194 1630 275 1699 opus
296 1607 427 1688 habent.
443 1628 486 1692 rr.
502 1611 586 1686 ..uuir
604 1609 709 1694 plures
736 1607 826 1690 ideae
841 1613 1071 1696 recognoscere

194 1699 319 1775 ualent,
337 1697 388 1762 alii
403 1695 727 1783 paneiore·s.‚1u.Alii
743 1695 945 1784 frequentius
964 1701 1067 1764 iterata

194 1785 335 1870 idearum
356 1784 571 1873 productione
591 1786 757 1851 memoriae
781 1784 879 1856 semel
903 1784 1004 1852 infixa
1024 1809 1071 1853 re·

195 1874 307 1942 tinem.
330 1893 380 1938 rv.
403 1874 569 1947 Alii-,ideas
590 1875 755 1942 memoriae
779 1872 992 1940 demandatae
1015 1897 1070 1940 ra·

196 1962 263 2028 lent
287 1981 531 2049 recognoscere,
554 1961 611 2028 etsi
637 1961 779 2034 arnolto
802 1979 953 2046 tempore
976 1985 1028 2028 eas
1043 1965 1071 2027 in

196 2050 378 2114 memoriam
406 2069 470 2114 non
498 2049 739 2129 reuocaveriot3
767 2048 819 2114 alii
845 2049 932 2114 ideas
964 2051 1071 2118 iterum

197 2137 374 2227 producere
390 2157 421 2204 et
438 2160 662 2228 recognoscere
677 2159 740 2202 non
755 2138 885 2216 valent,
907 2139 939 2202 in
963 2163 1018 2206 eas
1039 2160 1071 2204 ac

199 2227 305 2314 aliquo
326 2245 470 2315 tempore
491 2228 523 2292 in
548 2227 728 2307 memoriam
750 2247 814 2292 nou
839 2231 1072 2294 revocaverint.

170 2317 172 2320 ’
199 2315 326 2385 Bonam
338 2315 519 2382 memoriam
534 2313 778 2398 haberedicitur
787 2361 798 2394 ,
818 2316 873 2401 qui
894 2316 962 2378 ciro
978 2335 1011 2382 et
1027 2314 1074 2380 fa-

198 2405 262 2470 cile
286 2404 405 2492 aliquid
428 2397 595 2473 memoriae
621 2401 775 2481 mandat,
802 2402 923 2489 diuque
949 2406 1071 2470 retiner.

105 2499 108 2505 '
180 2490 371 2580 ‘Magnam
390 2514 467 2566 reto
492 2489 678 2556 memoriam
704 2489 819 2570 habere
847 2490 965 2572 dicitur
977 2537 991 2571 ,
1017 2493 1070 2579 qui

200 2581 489 2666 multarumrerum
502 2580 597 2646 ideasi
610 2601 708 2658 rerum
725 2579 902 2667 producere
916 2599 949 2645 et
968 2601 1071 2667 reeog·

169 2661 174 2673 ⁸
201 2685 331 2750 noscere
352 2666 540 2759 longamque
560 2689 663 2738 rerum
679 2669 791 2749 seriem
812 2669 999 2735 memoriam
1021 2690 1070 2733 re·

199 2753 301 2846 tinere
312 2753 406 2834 valet.
424 2755 582 2838 Videmus
599 2759 699 2832 euim,
715 2775 781 2823 esse
797 2754 944 2840 aliquos,
959 2759 1015 2844 qui
1029 2755 1069 2820 ci·

186 2857 282 2931 ‘quaet
297 2839 385 2906 facile
406 2841 525 2928 aliquid
543 2843 711 2923 memoriae
727 2841 872 2908 mandare
889 2861 921 2907 er
936 2844 993 2909 diu
1006 2845 1065 2910 eti-

198 2927 406 3004 emrerinere
421 2929 547 3010 valent3
571 2950 635 2994 non
657 2945 761 2995 tamen
776 2927 880 3008 multia
901 2951 972 2999 eam
993 2953 1071 2996 one·

197 3026 276 3094 rare.
290 3013 412 3098 Eorum
425 3017 526 3094 enirn,
542 3023 631 3103 uqua'e
646 3034 743 3096 autea
765 3031 960 3097 tenuerunt,
985 3017 1070 3085 obii·

262 3242 267 3269 i
