2258 3428
224 169 292 229 'raa
460 183 657 230 rusurrvr.
681 183 820 230 aarum.

224 250 370 342 Ideoque
392 251 441 316 vis
470 255 523 318 ilia
558 255 721 318 attractrix
749 272 797 320 est
817 271 933 320 nomen
956 251 1060 333 inane,

226 359 259 410 et
290 345 343 430 qui
381 363 448 408 earn
487 341 578 408 affert
611 361 773 432 tamquam
799 365 927 408 causam
956 365 1062 406 motus

125 463 145 510 ῃ
225 430 297 496 ferti
321 433 352 494 in
379 433 557 518 magnetem
581 447 676 520 atque
700 451 826 514 mutuae
849 432 1062 509 adhaesionis;

223 521 247 584 is
273 515 394 604 profert
421 522 544 588 inanem
575 521 641 586 sine
665 541 771 590 mente
796 543 920 584 sonum.
937 521 1065 586 Pierae·

223 631 288 698 que
313 608 578 695 philosophorum
608 626 741 684 sectae,
766 631 864 695 quum
889 609 1064 698 singulares

222 717 254 762 et
276 698 365 761 miras
391 697 541 764 affectent
566 699 735 764 sententias
749 742 759 776 ,
773 699 942 785 omniaque
958 698 1063 784 phae-

221 807 357 852 nomena
390 787 548 875 explicare
584 803 616 852 et
642 807 753 852 eorum
778 807 887 852 causas
915 789 1063 876 adsigna·
1118 847 1119 866 q

220 896 255 942 re
280 873 378 940 velint
394 877 408 955 ς’
427 899 553 942 causam
579 873 740 954 effectus,
774 898 867 962 quam
894 875 1062 963 ignorant,
1120 921 1121 924 κ

222 987 334 1031 revera
364 966 524 1032 vocabulo
553 966 661 1053 aliquo
687 964 880 1051 indigitant,
903 981 934 1028 et
963 965 1063 1028 ratio·
1120 1035 1121 1041 χ

220 1073 294 1120 nem
317 1053 448 1120 effectus
463 1055 611 1144 ,prolato
626 1055 787 1118 vocabulo
802 1054 858 1116 illo
872 1051 1063 1139 frequentis·
1120 1095 1121 1108 η

222 1145 299 1208 sime
328 1143 467 1208 reddunt
494 1159 550 1207 aut
573 1165 605 1209 se
638 1143 771 1208 reddere
797 1140 1003 1207 arbitrantur.
1033 1142 1061 1207 Si

220 1234 291 1321 quis
307 1231 351 1298 rei
366 1229 553 1320 observatae
569 1251 697 1327 causant
718 1248 934 1318 repraesentat
948 1277 960 1308 ,
974 1246 1063 1295 tarn-

220 1341 316 1407 quam
336 1341 411 1398 ens,
436 1341 454 1384 a
478 1341 544 1409 quo
569 1341 617 1386 res
633 1320 701 1408 ipsa
716 1319 883 1386 observata
900 1321 1062 1403 proficisci
1119 1325 1121 1336 ⁴

219 1416 356 1498 potest;
380 1409 405 1471 is
428 1408 509 1474 iliius
536 1429 649 1474 causae
675 1408 839 1474 notionem
865 1407 984 1486 habet,
1006 1407 1061 1474 sed

220 1498 294 1564 inde
323 1497 367 1566 rei
386 1498 573 1565 observatae
595 1496 748 1564 rationem
772 1495 903 1562 reddere
935 1497 1056 1584 nequit.

222 1587 333 1668 Quum
355 1590 436 1654 enim
465 1585 594 1654 effectus
624 1587 724 1652 omnis
745 1606 872 1650 causam
888 1599 976 1650 suam
1002 1585 1059 1649 ha·

219 1675 320 1755 beat,
347 1678 477 1766 cognito
502 1675 618 1742 effectu
644 1674 781 1740 formare
810 1694 979 1763 possumus
999 1696 1059 1736 no-

220 1766 340 1830 tionem
365 1785 500 1842 causae,
524 1780 684 1851 tamquam
707 1765 811 1841 entis,
838 1783 944 1849 aquo
970 1759 1055 1827 effec·

219 1871 271 1918 tus
288 1853 349 1936 ille
377 1851 530 1938 proficisci
547 1868 664 1938 potest.
691 1852 822 1921 Verum
848 1873 951 1936 quum
976 1849 1061 1915 idem

222 1964 280 2029 per
304 1939 387 2006 idem
414 1941 561 2028 explicari
582 1961 647 2004 non
669 1940 797 2022 possit,
818 1961 858 2004 ex
877 1941 938 2004 ista
957 1941 1063 2002 notio-

151 2067 155 2080 ·
221 2052 262 2095 ne
292 2026 381 2094 reddi
404 2030 514 2118 nequit
537 2031 616 2095 ratio
641 2027 773 2094 effectus
795 2027 901 2108 illius,
925 2028 980 2114 qui
1008 2027 1063 2091 ob·

221 2115 392 2197 servatur,
418 2117 535 2204 alioqui
566 2116 735 2183 dicendum
768 2134 877 2194 esset,
904 2115 938 2181 id
968 2114 1063 2204 quod

220 2207 285 2272 fieri
309 2207 543 2285 observamus,
566 2207 640 2272 ideo
663 2206 727 2271 fieri
756 2205 846 2291 quod
864 2206 945 2283 fiat,
972 2203 1063 2291 quod

219 2296 348 2384 quidem
377 2297 485 2386 nugari
512 2312 571 2362 est.
606 2293 768 2372 Quamdiu
793 2315 870 2382 ergo
901 2315 975 2357 cum
1002 2315 1065 2356 vo·

218 2385 335 2450 cabulo
360 2387 403 2450 rei
429 2385 559 2450 alicuius
585 2381 774 2448 observatae
802 2403 934 2447 causam
965 2381 1065 2470 signi·

219 2476 346 2552 ficante,
359 2475 451 2538 aliam
464 2475 625 2537 notionem
642 2493 706 2536 non
718 2469 952 2560 coniungimus‚
967 2491 1064 2557 quam

220 2583 304 2650 quae
326 2559 454 2627 exhibet
479 2583 544 2626 rem
571 2561 674 2648 ipsam
699 2583 709 2638 ς
735 2559 827 2624 huius
853 2557 986 2624 effectus
1015 2579 1064 2623 ra-

219 2653 341 2718 tionem
367 2648 500 2715 reddere
528 2671 586 2713 nos
617 2669 803 2736 possum-us.
831 2645 871 2711 Ε.
901 2669 933 2736 g.
949 2647 973 2710 si
993 2645 1065 2736 quis

220 2739 407 2830 gravitatem
428 2737 570 2825 concipit
599 2755 760 2822 tamquam
785 2737 878 2815 vim,
909 2757 977 2824 qua
992 2755 1067 2800 cot-

219 2845 299 2918 pora
326 2847 434 2894 versus
457 2846 558 2894 terrae
586 2845 728 2890 centrum
744 2822 916 2902 feruntur,
947 2827 974 2888 is
996 2826 1068 2890 uti-

219 2939 281 3008 que
307 2915 471 3005 gravitatis
497 2917 659 2981 notionem
681 2913 789 2980 habet.
809 2913 840 2978 Si
856 2933 937 2978 vero
963 2916 1069 2978 ratio·
1120 2919 1121 2956 ῑ
