2264 3420
204 121 251 190 de
416 173 419 178 -
469 140 658 190 tritura-vr.
684 138 817 188 autaut.

197 208 408 278 ‚conelutione
417 213 610 278 enuntiatur.
621 211 710 278 Haec
722 211 832 278 eadem
843 207 896 276 let
911 207 1056 298 expetien·

127 346 141 366 „
202 302 246 365 tia
258 299 442 387 quotidiana
454 301 671 366 confirmatur.
685 300 773 366 Dum
792 297 954 364 obiectum
973 299 1059 364 tenti·

203 385 268 453 bile
284 387 317 452 in
329 409 481 477 organum
503 390 675 454 tentorium
689 389 750 455 rite
770 387 979 454 constitutum
998 389 1059 475 agit,

201 477 340 542 uatcitur
355 478 386 540 iu
406 479 509 542 anima
523 479 658 544 tentatio
673 477 853 567 quaedam,
868 498 965 564 quana
979 476 1060 562 impe·

202 563 271 630 dire
285 565 337 630 vel
353 583 473 632 mutate
486 567 586 630 anima
609 587 675 630 non
695 584 812 652 potest.
835 563 866 630 Si
886 561 990 652 fragor
1003 580 1059 628 tor·

200 652 300 718 menti
313 651 415 718 bellici
435 676 541 722 autem
558 652 649 726 ferit:
676 655 763 718 illurn
779 656 958 722 necessario
974 651 1059 740 perci·

200 741 305 828 pimus
321 785 331 820 ,
362 761 467 830 neque
480 744 688 809 tentationem
703 744 787 807 illam
809 743 842 806 in
858 762 973 806 tonum
991 739 1056 803 blan·

199 828 325 896 diorem
336 847 459 897 mutare
470 852 650 918 possumus.
663 830 694 896 Si
710 827 813 897 foetor
825 851 921 897 naret
933 843 1056 914 occupat,

199 915 327 984 efficere
351 920 440 984 nullo
461 921 559 986 modo
579 941 776 1006 postumus,
800 937 835 984 ut
852 919 924 984 eiut
943 918 1007 982 loco
1019 914 1054 980 tei

201 1004 337 1072 odotem
364 1026 491 1074 suavem
520 1008 569 1073 vei
600 1005 754 1074 foetorem
780 1009 886 1072 minut
916 1008 1054 1072 molettou

202 1095 424 1184 percipiamus.
443 1095 475 1160 Si
498 1096 600 1162 oculis
624 1099 740 1184 apertis
763 1093 931 1162 obiectum
954 1088 1056 1181 aliquod

106 1237 108 1244 a
202 1205 242 1250 ex
254 1184 329 1251 data
345 1183 491 1250 distantia
504 1184 719 1273 adspicimus,
739 1187 841 1250 nostri
854 1207 922 1268 nort
937 1201 983 1250 est
996 1180 1060 1245 arbi·

198 1272 279 1351 trit,
301 1289 339 1344 ut
360 1271 439 1340 illud
456 1273 558 1342 maiun
578 1272 630 1337 vel
650 1275 778 1352 minut,
801 1272 898 1340 hoiut
924 1272 975 1338 rel
998 1269 1056 1332 illito

133 1397 138 1408 ι
203 1359 319 1426 οοΙ“οτῐε
343 1357 514 1427 rideantur.
538 1359 630 1426 Idem
653 1351 766 1449 pate't,
792 1361 883 1449 quod
901 1360 945 1430 ad
965 1375 1056 1437 tactum
1105 1409 1106 1416 ,

201 1466 235 1516 et
250 1468 385 1539 guttum.
400 1449 832 1538 Quaptoptdttimolestam
851 1467 908 1516 aut
925 1443 1059 1536 periculo·
1105 1422 1108 1477 '

203 1560 270 1606 tam
297 1538 508 1606 tentationem
525 1538 669 1626 impediri
690 1539 843 1617 velimus,
867 1553 1015 1625 oportet,
1033 1545 1059 1594 ot
1104 1558 1106 1579 ¹

199 1650 358 1716 organum
381 1629 555 1694 tonsorium
579 1625 620 1700 ab
642 1625 771 1694 obiectu
794 1632 1059 1702 avertamut,‘tut

200 1718 340 1784 eiusdem
368 1716 492 1783 obiecti*
507 1715 662 1783 actionem
686 1717 719 1780 in
743 1735 899 1803 organum
925 1707 1056 1798 impedia-

199 1826 272 1872 utut
294 1825 497 1893 quocumque
517 1800 640 1888 modo,
667 1827 699 1868 v.
717 1826 747 1892 g.
767 1801 883 1874 avertit
900 1803 951 1870 tei
965 1795 1059 1866 clausit

198 1893 316 1962 oeulis.
333 1895 363 1960 si
383 1913 460 1959 retu
484 1907 631 1966 muttum
657 1892 699 1958 tit
713 1897 753 1960 ⁴in
780 1909 889 1963 uottta
905 1901 1060 1980 potestate,

202 1979 612 2063 rontemnonmilum,
634 1981 771 2046 excitata
783 1981 816 2044 in
831 1979 923 2045 nobit
939 1979 995 2044 aiia
1007 1972 1059 2038 fot·

203 2065 275 2134 timi
301 2088 332 2138 et
353 2068 479 2135 minime
504 2067 681 2158 periculota
702 2070 939 2157 perceptione,
964 2059 1062 2130 debili·

202 2170 306 2224 tamus
333 2174 366 2224 et
394 2152 572 2246 frangimus.
602 2153 653 2221 Ita
681 2155 813 2222 foetoris
841 2156 1059 2245 perceptionem
1107 2219 1108 2224 ἵ

201 2247 339 2314 odorum
364 2246 473 2314 tuffitu
500 2245 657 2334 fugamus.
685 2243 827 2312 Scutario
855 2245 939 2314 euim
967 2237 1061 2306 fortior
1105 2267 1108 2336 s

201 2335 385 2406 debiliorem
412 2337 455 2404 ita
479 2354 719 2422 nonnumquam
747 2331 928 2412 obscurat,
950 2347 984 2396 ut
1004 2328 1054 2390 ho·
1106 2371 1107 2374 ,

202 2425 251 2494 iot
277 2427 329 2492 vel
352 2423 428 2488 nihil
454 2425 642 2510 ncipatum
668 2419 759 2488 nobit
783 2423 900 2488 conscii
927 2422 1050 2488 simun·

267 2515 319 2580 Ex
339 2512 398 2579 hac
415 2511 552 2601 generaii
569 2511 781 2576 tentationum
798 2511 866 2601 lege
882 2511 1054 2599 colliguntur

201 2600 355 2690 plurimae
370 2602 507 2688 regulae.
524 2618 569 2665 u·
594 2600 623 2665 Si
637 2599 774 2668 mutatio
789 2601 819 2664 iu
832 2600 943 2668 eodem
960 2606 1058 2684 orgum

202 2691 345 2756 tentorio
358 2689 468 2754 eadem
484 2707 552 2764 est,
573 2689 709 2756 tentatio
724 2707 854 2773 quoque
867 2691 897 2752 in
913 2687 1004 2754 anima
1015 2698 1059 2743 ea·

201 2777 276 2854 dent
288 2799 357 2843 ette
373 2774 479 2842 debet.
494 2798 554 2844 rna
571 2779 601 2844 Si
615 2776 793 2863 contingat,
807 2797 823 2840 a
838 2775 965 2842 diversit
978 2769 1060 2837 obito

201 2865 242 2930 tit
259 2864 454 2931 sensibilibus
469 2865 611 2932 eamdem
638 2865 669 2928 in
695 2863 814 2928 eoderu-
828 2884 949 2952 organo
970 2874 1061 2926 teuto·

201 2952 253 3018 tio
267 2951 473 3020 mutationem
488 2951 625 3040 produci
639 2993 648 3027 ‚
664 2949 792 3023 obiecta
806 2950 916 3019 eadent
929 2957 1063 3038 appatere

203 3037 331 3130 debent.
341 3055 417 3106 run
429 3039 463 3108 ti
473 3039 657 3112 mutatioin
671 3041 949 3133 orgauuteutntio
962 3037 1067 3110 diret&
