2270 3416
276 139 594 192 aeternamm.
616 139 694 190 oar.
711 135 763 186 rr.
920 135 983 209 205

2 261 6 284 t
50 211 132 302 geri
156 209 278 279 eodem
303 213 402 278 modo
425 231 544 303 posset.
565 213 650 278 Nam
668 229 768 298 quum
785 225 852 278 sete
867 206 987 278 deter-

1 293 5 304 ’
52 305 200 366 minare
225 302 263 366 sit
294 323 399 368 revera
423 323 536 391 agere,
563 321 695 368 necesse
714 297 817 376 foret,
842 313 878 366 ut
898 320 986 364 mens

54 407 181 480 ageret
202 391 241 454 ad
263 411 329 456 sese
347 389 645 468 determinandum,
667 407 763 474 atque
786 387 830 452 ita
850 387 988 474 require·

2 536 14 555 ,
56 497 161 544 restat
183 481 322 545 secanda
345 478 569 544 determinatio
590 497 622 546 et
643 477 783 544 secunda
806 475 986 564 praemotio

1 560 14 649 ζ
59 566 232 658 physica,
260 588 292 634 et
321 568 365 630 sic
385 569 538 655 deinceps
563 568 594 631 itt
618 565 785 630 inlinitum.
892 561 896 570 ’

6 651 14 668 ’
135 657 320 721 Secundnm
350 673 582 746 argumentum.
611 653 801 725 Voluntatis
825 651 986 720 determi-

61 743 159 810 natio
186 763 234 808 est
256 745 374 829 aliquid
401 743 590 832 positivum,
612 741 730 830 aliquid
757 739 859 820 reale,
879 741 988 830 aliqua.

2 880 19 918 ,v
64 830 258 920 perfectio,
281 855 377 918 quum
397 835 434 898 sit
455 835 557 900 actioe
582 831 633 896 illa
655 828 808 920 perfectio
829 851 894 894 non
917 848 986 898 etat

1 919 18 1010 'f
67 923 102 984 in
121 937 249 998 mente,
266 940 390 1006 antequ,
403 945 432 986 nt
449 922 702 1008 produceretute
717 919 807 1008 atqui
823 940 909 986 mens
924 919 986 984 hta·

2 1010 20 1034 ‘⁴
65 1031 167 1072 mana
183 1030 297 1073 novam
311 1007 539 1100 perfectionem
552 1014 580 1074 in
593 1032 625 1076 se
638 1009 817 1096 producere
829 1029 893 1070 non
908 1027 985 1094 pot·

1 1083 17 1122 ⁵*
68 1113 122 1164 cst
132 1143 144 1176 ,
168 1095 228 1158 nisi
250 1121 315 1164 eam
332 1099 418 1164 Deus
435 1100 613 1187 producat3
640 1119 715 1186 ergo
732 1096 904 1160 voluntatis
921 1096 986 1163 de-

2 1164 15 1272 i
70 1185 292 1252 terminatioa
317 1188 388 1255 Deo
414 1204 639 1276 praemonente
665 1203 724 1252 est.
747 1185 826 1251 Mai.
852 1183 986 1250 evidens

67 1290 134 1341 est.
155 1272 249 1338 P-rob.
278 1277 349 1340 min.
369 1277 478 1340 Nemo
494 1291 600 1364 potest
616 1275 710 1352 dare,
727 1274 819 1360 quod
841 1294 906 1340 non
922 1271 985 1338 ha-

67 1362 149 1441 bet,
167 1384 224 1427 nec
240 1365 374 1451 proinde
393 1365 463 1452 plus
479 1386 573 1450 qnam
589 1363 708 1438 habet;
726 1384 803 1450 ergo
820 1383 874 1430 ens
889 1383 985 1428 crea-

1 1445 18 1486 2·
69 1468 143 1516 tum
160 1469 352 1540 nwon'potett
370 1454 426 1518 etti
444 1454 518 1518 da‘re
539 1451 785 1540 perfectionem,
805 1473 901 1538 quam
918 1474 985 1518 non

2 1527 17 1574 t
67 1540 192 1619 habet,
217 1561 273 1606 nec
300 1564 372 1606 suas
403 1543 470 1606 ullo
494 1541 593 1606 modo
618 1538 832 1628 perfectiones
854 1557 983 1628 augere:

11 1621 17 1645 ¹
70 1649 154 1718 ergo
170 1649 255 1694 mens
272 1631 407 1695 humana
427 1651 543 1700 novam
560 1629 788 1716 perfectionem
807 1630 837 1694 in
853 1649 886 1694 se
901 1650 987 1714 pto-r

71 1718 191 1784 ducere
209 1739 274 1784 non
292 1736 397 1806 potest
407 1767 418 1798 ‚
441 1741 477 1784 ac
501 1717 633 1806 proinde
648 1739 706 1784 nec
723 1718 854 1802 primam
870 1716 983 1784 deter-

1 1802 15 1862 i
71 1807 296 1886 minationem,
330 1808 387 1872 nisi
418 1829 484 1873 eam
518 1808 606 1872 Deus
640 1805 821 1894 producam
861 1806 984 1893 alioqui

1 1891 13 1934 ³
74 1915 240 1962 necessum
263 1894 378 1977 foret,
406 1913 454 1962 ut
471 1895 701 1986 perfectionem
725 1895 811 1962 illam
835 1893 981 1962 enihilo

76 2005 164 2052 mens
193 1984 355 2052 educeret.¹
968 2037 971 2045 .

98 2093 100 2101 ·
143 2071 379 2159 Respondent,
409 2075 578 2141 martimum
608 2095 672 2142 esse
702 2073 869 2142 discrimen
898 2074 981 2143 inter

74 2159 267 2228 substantiae
290 2165 481 2238 creationem
506 2187 522 2230 e
548 2163 668 2245 nihilo,
685 2183 715 2230 et
735 2165 821 2242 modi
845 2164 986 2233 alicuius

1 2255 9 2334 ς’
72 2252 108 2316 in
133 2251 274 2316 subiecto
298 2253 359 2316 iarn
386 2251 616 2340 praeexistente
638 2255 900 2341 generationeme
927 2250 981 2316 fa·

73 2335 226 2412 cultatem
251 2340 386 2406 activam
414 2343 594 2410 serenam
625 2343 758 2430 rationes
777 2340 982 2408 modificandi

76 2429 182 2491 menti·
195 2425 350 2496 hnmanae
363 2451 382 2494 a
397 2429 472 2496 Deo
485 2451 554 2498 esse
568 2433 753 2496 concessam
766 2431 826 2512 ita,
846 2449 881 2494 ut
897 2449 981 2518 pos-

2 2528 7 2564 ²
72 2514 120 2578 sit
136 2535 353 2582 mens‘noram
374 2519 662 2598 modificationem,
685 2541 781 2607 quant
803 2535 895 2586 antea
915 2541 982 2586 non

1 2613 8 2649 ³
76 2602 325 2682 lateranense
346 2608 535 2698 producere.
551 2605 644 2674 ·Illae
662 2611 743 2674 enim
769 2609 884 2674 mentis
906 2632 983 2675 mo-

1 2698 7 2742 t
80 2691 267 2761 dificationes
295 2685 327 2758 iri
355 2697 457 2762 activa
485 2695 728 2784 quodammodo
759 2702 980 2787 continentur,

1 2787 8 2830 l
83 2801 177 2869 quum
195 2783 281 2848 nulla
297 2805 362 2850 etse
378 2788 478 2872 possit
494 2788 596 2851 activa
609 2787 778 2874 potentia,
797 2788 855 2854 nisi
873 2793 912 2855 sit
927 2815 984 2860 re·

2 2885 6 2915 l
73 2891 122 2934 ta
146 2871 287 2955 potentia
304 2874 439 2962 agendi,
455 2896 493 2940 ac
506 2875 642 2962 proinde
657 2879 796 2940 actiones
811 2898 902 2946 antea
920 2902 989 2944 non

2 2967 8 3007 ³
71 2993 75 3000 ·
90 2959 251 3025 existentes
266 2959 438 3026 formaliter
452 2962 664 3050 producendi.
684 2965 809 3042 Vnde,
825 2970 985 3051 inquiunt,

73 3069 76 3095 ³
90 3045 114 3116 ti
130 3067 346 3136 argumentum
359 3050 511 3141 probaret
519 3101 531 3132 ,
546 3055 606 3136 iam
629 3047 991 3134 foreeconcedendum,
