2258 3428
176 187 265 238 tuns
287 187 316 236 t.
339 187 505 240 tuerent.
529 185 608 240 unt.
627 189 711 242 utt.
824 193 886 266 ¹35

32 272 171 338 ruunt,
196 262 390 350 respondeat
413 264 502 326 notio
521 259 676 342 confusa,
707 262 766 328 iam
785 265 890 331 trullae

34 351 159 416 iisdem
171 349 338 418 vocabulis
355 367 450 418 notte
466 353 671 416 enuntiantur
687 395 697 429 ‚
728 372 765 416 ac
778 353 891 442 proin·

42 441 96 506 de
113 458 144 504 et
168 440 273 506 nullae
298 457 393 506 uotae
414 441 446 503 in
473 440 539 530 ipsa
565 463 597 507 te
625 440 751 507 definita
775 443 891 506 distin·

26 548 219 616 ¹¹gnuutur,
252 531 318 594 sive
345 527 488 595 definitio
515 533 601 595 nulla
626 547 682 594 est.
704 531 890 618 Saepissime

23 617 228 682 *atinrittitur
258 617 308 682 hic
340 641 427 684 error
456 617 497 680 ab
528 619 562 682 iis
594 620 775 705 praesertim
792 667 802 698 ,
832 618 889 712 qui

41 703 276 795 Erymologes
290 727 321 771 et
336 708 544 773 derivationes
557 708 803 798 grammaticales
813 729 890 774 cum

36 794 288 862 definitionibus
313 794 527 860 confundunt.

85 883 163 954 IV.
213 883 266 948 Ex
294 883 342 948 his
375 884 519 948 omnibus
551 882 642 950 facile
673 884 892 973 intelliguntur

34 973 243 1040 definitionis
272 973 399 1062 regulae
435 975 465 1037 in
498 973 614 1036 scholis
649 972 731 1038 tradi
767 974 890 1056 solitae,

35 1085 132 1149 quae
149 1079 307 1147 quattuor
320 1079 394 1127 eunt
409 1061 599 1150 praecipuae
613 1087 623 1126 t
661 1077 711 1124 ιι
731 1077 803 1141 est,
833 1061 892 1127 de-

23 1151 157 1236 finitio
185 1152 232 1214 sit
255 1149 377 1226 clarior
407 1173 442 1216 re
472 1149 636 1234 definita,
668 1172 753 1238 quae
783 1151 892 1240 regula

37 1239 214 1326 colligitur
228 1261 268 1303 ex
280 1239 346 1326 ipsa
359 1238 547 1305 definitionis
561 1259 684 1304 natura.
715 1255 776 1303 ιιι
796 1285 805 1314 ,
822 1239 893 1306 De·

29 1325 180 1413 finitum
206 1330 315 1416 ipsum
343 1349 404 1394 non
427 1343 535 1414 potest
564 1328 696 1428 ingredi
722 1326 892 1411 dtfinitio-

39 1439 145 1483 nem·-
175 1416 319 1504 alioquin
342 1416 482 1483 definitio
505 1437 569 1480 uon
594 1427 676 1481 toret
698 1415 813 1482 clarior
830 1419 899 1483 de-'

43 1505 154 1570 finito.
184 1507 320 1574 Vitium
344 1505 423 1571 iilud
439 1505 470 1569 iu
495 1505 891 1571 definitioneeommistum

47 1594 210 1677 appeiiari
218 1594 298 1660 solet
308 1591 451 1660 circulus
460 1597 493 1659 in
501 1591 694 1686 dfiniendn.
706 1607 780 1654 una
802 1589 897 1670 ,Dm
999 1599 1002 1606 “

40 1678 163 1766 finitio
185 1678 278 1746 debet
296 1705 367 1748 este
388 1685 520 1762 breuis,
546 1703 601 1748 seu
621 1681 695 1745 nihil
717 1679 747 1744 in
770 1701 807 1746 ea
830 1677 893 1745 de·

52 1767 113 1832 bet
144 1767 339 1849 redundare,
366 1787 404 1836 ut
429 1789 516 1858 patet
541 1791 580 1837 ex
607 1770 702 1835 dictis
734 1767 776 1835 de
807 1766 891 1835 notit

54 1854 89 1920 iu
101 1853 283 1925 defiuitione
295 1859 524 1928 enumerandis.
543 1875 616 1924 tua
637 1901 646 1938 ‚
665 1855 822 1941 Definitio
834 1857 898 1924 des

50 1947 109 2011 brt
121 1967 196 2012 esse
208 1952 377 2034 reciproca
391 1969 463 2014 cum
478 1945 625 2034 definito:
648 1946 774 2015 Etenim
791 1969 895 2036 quum

46 2034 185 2101 definito
210 2036 288 2102 nihii
316 2037 402 2101 aliud
428 2038 490 2116 sit,
521 2055 616 2124 quant
649 2055 696 2100 tet
721 2037 788 2120 ipsa
813 2035 897 2101 defi·

46 2126 118 2189 uita
153 2123 269 2190 clarius
302 2125 491 2211 explicata,
524 2122 680 2212 quidquid
719 2121 896 2188 affirmatur

43 2213 93 2278 de
120 2234 156 2278 re
171 2215 240 2299 ipsa
263 2213 418 2292 definita,
447 2211 594 2278 affirmari
617 2211 710 2278 etiam
727 2229 835 2296 potest
851 2211 896 2280 de

43 2303 120 2392 ipsa
135 2300 327 2368 defiuitione
342 2349 354 2380 ,
380 2320 411 2368 et
426 2303 496 2366 viee
511 2321 609 2365 versa.
637 2299 688 2363 Ex
706 2298 764 2364 hac
781 2298 897 2376 ultimi
955 2353 959 2360 .

42 2388 163 2479 regula
193 2392 297 2456 fluunt
327 2392 386 2455 tria
415 2391 445 2455 iu
480 2388 593 2453 scholis
623 2390 805 2454 axiomatat
839 2401 901 2464 cue

39 2481 203 2548 convenit
224 2476 394 2562 definitio,
415 2479 562 2546 conuenit
578 2491 611 2542 rt
632 2473 821 2562 definitum:
839 2497 900 2564 cerff
988 2487 992 2496 ·

40 2565 419 2651 convenitdefinitum,
442 2567 587 2637 convenit
607 2582 639 2632 rr
658 2562 822 2650 definitio:
835 2569 891 2631 cui

40 2668 221 2744 repugnat
251 2653 448 2743 definitum,
476 2670 638 2746 repugnat
671 2669 703 2724 rt
732 2647 895 2744 duinitin,

42 2763 81 2814 et
111 2761 240 2812 contra.
836 2799 840 2808 .
901 2769 926 2814 tt

910 2805 920 2839 i·
