<?xml version="1.0" encoding="UTF-8"?>
<!DOCTYPE html PUBLIC "-//W3C//DTD XHTML 1.0 Transitional//EN"
    "http://www.w3.org/TR/xhtml1/DTD/xhtml1-transitional.dtd">
<html xmlns="http://www.w3.org/1999/xhtml" xml:lang="en" lang="en">
 <head>
  <title>
</title>
<meta http-equiv="Content-Type" content="text/html;charset=utf-8" />
  <meta name='ocr-system' content='tesseract 3.04.00' />
  <meta name='ocr-capabilities' content='ocr_page ocr_carea ocr_par ocr_line ocrx_word'/>
</head>
<body>
  <div class='ocr_page' id='page_1' title='image "./institutionesph00jacqgoog_0603.png"; bbox 0 0 2270 3416; ppageno 0'>
   <div class='ocr_carea' id='block_1_1' title="bbox 15 115 1123 3034">
    <p class='ocr_par' dir='ltr' id='par_1_1' title="bbox 167 115 1089 290">
     <span class='ocr_line' id='line_1_1' title="bbox 170 115 877 206; baseline 0 -30"><span class='ocrx_word' id='word_1_1' title='bbox 170 115 234 206; x_wconf 78' lang='lat'>¹9⁶</span> <span class='ocrx_word' id='word_1_2' title='bbox 386 133 428 192; x_wconf 66' lang='grc' dir='ltr'>,τι</span> <span class='ocrx_word' id='word_1_3' title='bbox 450 129 640 179; x_wconf 73' lang='lat' dir='ltr'>attestava.</span> <span class='ocrx_word' id='word_1_4' title='bbox 662 127 824 178; x_wconf 71' lang='lat' dir='ltr'>sartos·</span> <span class='ocrx_word' id='word_1_5' title='bbox 871 135 877 142; x_wconf 90' lang='grc'><em>·</em></span> 
     </span>
     <span class='ocr_line' id='line_1_2' title="bbox 167 200 1089 290; baseline 0.004 -22"><span class='ocrx_word' id='word_1_6' title='bbox 167 205 251 272; x_wconf 85' lang='lat' dir='ltr'>inter</span> <span class='ocrx_word' id='word_1_7' title='bbox 280 201 482 290; x_wconf 74' lang='lat' dir='ltr'>orimum.:et</span> <span class='ocrx_word' id='word_1_8' title='bbox 512 202 687 267; x_wconf 85' lang='lat' dir='ltr'>secundum</span> <span class='ocrx_word' id='word_1_9' title='bbox 716 201 839 266; x_wconf 87' lang='lat' dir='ltr'>instans</span> <span class='ocrx_word' id='word_1_10' title='bbox 872 200 1089 286; x_wconf 72' lang='lat' dir='ltr'>existentiae,</span> 
     </span>
    </p>

    <p class='ocr_par' dir='ltr' id='par_1_2' title="bbox 106 289 1088 366">
     <span class='ocr_line' id='line_1_3' title="bbox 106 289 1088 366; baseline 0.001 -6"><span class='ocrx_word' id='word_1_11' title='bbox 106 339 112 346; x_wconf 90' lang='lat'><em>-</em></span> <span class='ocrx_word' id='word_1_12' title='bbox 164 295 221 366; x_wconf 85' lang='lat' dir='ltr'>iiia</span> <span class='ocrx_word' id='word_1_13' title='bbox 241 294 462 358; x_wconf 68' lang='lat' dir='ltr'>cortncxiosex</span> <span class='ocrx_word' id='word_1_14' title='bbox 481 309 594 356; x_wconf 83' lang='lat' dir='ltr'>natura</span> <span class='ocrx_word' id='word_1_15' title='bbox 616 289 810 356; x_wconf 84' lang='lat' dir='ltr'>substantiae</span> <span class='ocrx_word' id='word_1_16' title='bbox 830 295 943 358; x_wconf 85' lang='lat' dir='ltr'>semel</span> <span class='ocrx_word' id='word_1_17' title='bbox 966 315 1088 361; x_wconf 85' lang='lat' dir='ltr'>creatae</span> 
     </span>
    </p>

    <p class='ocr_par' dir='ltr' id='par_1_3' title="bbox 51 378 1083 1247">
     <span class='ocr_line' id='line_1_4' title="bbox 94 378 1083 464; baseline -0.001 -15"><span class='ocrx_word' id='word_1_18' title='bbox 94 459 96 464; x_wconf 15' lang='lat' dir='ltr'>y</span> <span class='ocrx_word' id='word_1_19' title='bbox 168 401 223 450; x_wconf 85' lang='lat' dir='ltr'>aut</span> <span class='ocrx_word' id='word_1_20' title='bbox 253 403 293 446; x_wconf 89' lang='lat' dir='ltr'>ex</span> <span class='ocrx_word' id='word_1_21' title='bbox 317 380 489 445; x_wconf 82' lang='lat' dir='ltr'>necessaria</span> <span class='ocrx_word' id='word_1_22' title='bbox 504 381 674 442; x_wconf 68' lang='lat' dir='ltr'>voluntate</span> <span class='ocrx_word' id='word_1_23' title='bbox 691 378 752 442; x_wconf 89' lang='lat' dir='ltr'>Dei</span> <span class='ocrx_word' id='word_1_24' title='bbox 772 378 1030 461; x_wconf 84' lang='lat' dir='ltr'>deduceretur,</span> <span class='ocrx_word' id='word_1_25' title='bbox 1050 407 1083 448; x_wconf 85' lang='lat' dir='ltr'>ac</span> 
     </span>
     <span class='ocr_line' id='line_1_5' title="bbox 51 466 1081 558; baseline 0.003 -25"><span class='ocrx_word' id='word_1_26' title='bbox 51 485 59 500; x_wconf 83' lang='lat'><strong><em>‘</em></strong></span> <span class='ocrx_word' id='word_1_27' title='bbox 164 466 302 558; x_wconf 76' lang='lat' dir='ltr'>proinde</span> <span class='ocrx_word' id='word_1_28' title='bbox 320 471 532 556; x_wconf 64' lang='lat' dir='ltr'>iepuanaret‚</span> <span class='ocrx_word' id='word_1_29' title='bbox 555 485 590 531; x_wconf 89' lang='lat' dir='ltr'>ut</span> <span class='ocrx_word' id='word_1_30' title='bbox 611 466 786 531; x_wconf 85' lang='lat' dir='ltr'>substantia</span> <span class='ocrx_word' id='word_1_31' title='bbox 805 472 913 534; x_wconf 86' lang='lat' dir='ltr'>semel</span> <span class='ocrx_word' id='word_1_32' title='bbox 934 473 1081 538; x_wconf 86' lang='lat' dir='ltr'>creatain</span> 
     </span>
     <span class='ocr_line' id='line_1_6' title="bbox 166 556 1077 645; baseline -0.001 -20"><span class='ocrx_word' id='word_1_33' title='bbox 166 561 301 625; x_wconf 77' lang='lat' dir='ltr'>nihilum</span> <span class='ocrx_word' id='word_1_34' title='bbox 333 559 410 623; x_wconf 83' lang='lat' dir='ltr'>Deo</span> <span class='ocrx_word' id='word_1_35' title='bbox 428 556 568 622; x_wconf 66' lang='lat' dir='ltr'>uolente</span> <span class='ocrx_word' id='word_1_36' title='bbox 596 556 813 643; x_wconf 85' lang='lat' dir='ltr'>redigeretur,</span> <span class='ocrx_word' id='word_1_37' title='bbox 848 579 966 645; x_wconf 89' lang='lat' dir='ltr'>quum</span> <span class='ocrx_word' id='word_1_38' title='bbox 1000 562 1077 624; x_wconf 85' lang='lat' dir='ltr'>Deus</span> 
     </span>
     <span class='ocr_line' id='line_1_7' title="bbox 167 643 1072 733; baseline -0.002 -20"><span class='ocrx_word' id='word_1_39' title='bbox 167 671 233 717; x_wconf 87' lang='lat' dir='ltr'>non</span> <span class='ocrx_word' id='word_1_40' title='bbox 259 647 355 733; x_wconf 83' lang='lat' dir='ltr'>possit</span> <span class='ocrx_word' id='word_1_41' title='bbox 378 644 759 710; x_wconf 64' lang='lat' dir='ltr'>contradictoriat&#39;acere.</span> <span class='ocrx_word' id='word_1_42' title='bbox 783 643 991 712; x_wconf 87' lang='lat' dir='ltr'>Absurdum</span> <span class='ocrx_word' id='word_1_43' title='bbox 1007 670 1072 713; x_wconf 86' lang='lat' dir='ltr'>vero</span> 
     </span>
     <span class='ocr_line' id='line_1_8' title="bbox 169 731 1071 818; baseline -0.003 -13"><span class='ocrx_word' id='word_1_44' title='bbox 169 756 217 805; x_wconf 87' lang='lat' dir='ltr'>est</span> <span class='ocrx_word' id='word_1_45' title='bbox 241 737 365 809; x_wconf 83' lang='lat' dir='ltr'>dicere,</span> <span class='ocrx_word' id='word_1_46' title='bbox 391 755 483 810; x_wconf 86' lang='lat' dir='ltr'>eunt,</span> <span class='ocrx_word' id='word_1_47' title='bbox 508 734 564 818; x_wconf 87' lang='lat' dir='ltr'>qui</span> <span class='ocrx_word' id='word_1_48' title='bbox 585 731 731 795; x_wconf 84' lang='lat' dir='ltr'>omuibus</span> <span class='ocrx_word' id='word_1_49' title='bbox 755 733 973 801; x_wconf 79' lang='lat' dir='ltr'>existentiam</span> <span class='ocrx_word' id='word_1_50' title='bbox 995 737 1071 802; x_wconf 86' lang='lat' dir='ltr'>iibere</span> 
     </span>
     <span class='ocr_line' id='line_1_9' title="bbox 168 819 1070 913; baseline 0.004 -26"><span class='ocrx_word' id='word_1_51' title='bbox 168 825 275 901; x_wconf 86' lang='lat' dir='ltr'>dedit,</span> <span class='ocrx_word' id='word_1_52' title='bbox 301 819 444 886; x_wconf 83' lang='lat' dir='ltr'>eamdem</span> <span class='ocrx_word' id='word_1_53' title='bbox 472 820 610 887; x_wconf 84' lang='lat' dir='ltr'>adimere</span> <span class='ocrx_word' id='word_1_54' title='bbox 634 841 693 907; x_wconf 87' lang='lat' dir='ltr'>pro</span> <span class='ocrx_word' id='word_1_55' title='bbox 712 819 843 886; x_wconf 89' lang='lat' dir='ltr'>arbitrio</span> <span class='ocrx_word' id='word_1_56' title='bbox 877 847 953 889; x_wconf 90' lang='lat' dir='ltr'>non</span> <span class='ocrx_word' id='word_1_57' title='bbox 980 848 1070 913; x_wconf 73' lang='lat' dir='ltr'>posset</span> 
     </span>
     <span class='ocr_line' id='line_1_10' title="bbox 170 909 1072 1001; baseline 0.006 -27"><span class='ocrx_word' id='word_1_58' title='bbox 170 935 247 1001; x_wconf 81' lang='lat' dir='ltr'>ergo</span> <span class='ocrx_word' id='word_1_59' title='bbox 267 911 573 975; x_wconf 72' lang='lat' dir='ltr'>creatura-existens</span> <span class='ocrx_word' id='word_1_60' title='bbox 596 911 625 972; x_wconf 92' lang='lat' dir='ltr'>in</span> <span class='ocrx_word' id='word_1_61' title='bbox 645 909 746 995; x_wconf 86' lang='lat' dir='ltr'>ptimo</span> <span class='ocrx_word' id='word_1_62' title='bbox 766 910 904 977; x_wconf 87' lang='lat' dir='ltr'>instanti</span> <span class='ocrx_word' id='word_1_63' title='bbox 930 936 1000 979; x_wconf 88' lang='lat' dir='ltr'>non</span> <span class='ocrx_word' id='word_1_64' title='bbox 1017 937 1072 978; x_wconf 86' lang='lat' dir='ltr'>rna·</span> 
     </span>
     <span class='ocr_line' id='line_1_11' title="bbox 167 997 1066 1090; baseline 0.003 -26"><span class='ocrx_word' id='word_1_65' title='bbox 167 1002 214 1090; x_wconf 83' lang='lat' dir='ltr'>gis</span> <span class='ocrx_word' id='word_1_66' title='bbox 238 1016 286 1067; x_wconf 87' lang='lat' dir='ltr'>est</span> <span class='ocrx_word' id='word_1_67' title='bbox 303 997 534 1076; x_wconf 84' lang='lat' dir='ltr'>determinata,</span> <span class='ocrx_word' id='word_1_68' title='bbox 560 999 643 1062; x_wconf 88' lang='lat' dir='ltr'>utin</span> <span class='ocrx_word' id='word_1_69' title='bbox 658 997 968 1081; x_wconf 79' lang='lat' dir='ltr'>secundoexistat,</span> <span class='ocrx_word' id='word_1_70' title='bbox 991 1025 1066 1090; x_wconf 82' lang='lat' dir='ltr'>quun</span> 
     </span>
     <span class='ocr_line' id='line_1_12' title="bbox 168 1083 1074 1180; baseline 0.002 -24"><span class='ocrx_word' id='word_1_71' title='bbox 168 1091 247 1156; x_wconf 84' lang='lat' dir='ltr'>dum</span> <span class='ocrx_word' id='word_1_72' title='bbox 272 1086 392 1154; x_wconf 82' lang='lat' dir='ltr'>eratin</span> <span class='ocrx_word' id='word_1_73' title='bbox 411 1085 514 1150; x_wconf 77' lang='lat' dir='ltr'>nihilo</span> <span class='ocrx_word' id='word_1_74' title='bbox 533 1085 741 1152; x_wconf 81' lang='lat' dir='ltr'>determinata</span> <span class='ocrx_word' id='word_1_75' title='bbox 762 1083 842 1168; x_wconf 78' lang='lat' dir='ltr'>fuit,</span> <span class='ocrx_word' id='word_1_76' title='bbox 869 1107 910 1154; x_wconf 86' lang='lat' dir='ltr'>ut</span> <span class='ocrx_word' id='word_1_77' title='bbox 931 1093 1074 1180; x_wconf 79' lang='lat' dir='ltr'>inciperet</span> 
     </span>
     <span class='ocr_line' id='line_1_13' title="bbox 170 1177 828 1247; baseline -0.005 0"><span class='ocrx_word' id='word_1_78' title='bbox 170 1181 314 1247; x_wconf 84' lang='lat' dir='ltr'>existere.</span> <span class='ocrx_word' id='word_1_79' title='bbox 635 1179 638 1186; x_wconf 76' lang='grc'><strong>’</strong></span> <span class='ocrx_word' id='word_1_80' title='bbox 820 1177 828 1206; x_wconf 64' lang='lat'>²</span> 
     </span>
    </p>

    <p class='ocr_par' dir='ltr' id='par_1_4' title="bbox 15 1263 1123 3034">
     <span class='ocr_line' id='line_1_14' title="bbox 236 1263 1068 1352; baseline 0.002 -22"><span class='ocrx_word' id='word_1_81' title='bbox 236 1265 366 1331; x_wconf 65' lang='lat' dir='ltr'>Proba.</span> <span class='ocrx_word' id='word_1_82' title='bbox 385 1286 476 1352; x_wconf 84' lang='lat' dir='ltr'>pars,</span> <span class='ocrx_word' id='word_1_83' title='bbox 492 1285 574 1352; x_wconf 79' lang='lat' dir='ltr'>quae</span> <span class='ocrx_word' id='word_1_84' title='bbox 590 1263 702 1348; x_wconf 87' lang='lat' dir='ltr'>prioris</span> <span class='ocrx_word' id='word_1_85' title='bbox 716 1279 839 1332; x_wconf 86' lang='lat' dir='ltr'>nonest</span> <span class='ocrx_word' id='word_1_86' title='bbox 855 1267 919 1332; x_wconf 88' lang='lat' dir='ltr'>nisi</span> <span class='ocrx_word' id='word_1_87' title='bbox 939 1265 1068 1335; x_wconf 74' lang='lat' dir='ltr'>corolla-</span> 
     </span>
     <span class='ocr_line' id='line_1_15' title="bbox 168 1353 1066 1441; baseline -0.002 -19"><span class='ocrx_word' id='word_1_88' title='bbox 168 1359 265 1422; x_wconf 83' lang='lat' dir='ltr'>rium.</span> <span class='ocrx_word' id='word_1_89' title='bbox 293 1375 316 1417; x_wconf 90' lang='lat'>1.</span> <span class='ocrx_word' id='word_1_90' title='bbox 342 1353 422 1418; x_wconf 88' lang='lat' dir='ltr'>Non</span> <span class='ocrx_word' id='word_1_91' title='bbox 445 1353 546 1418; x_wconf 83' lang='lat' dir='ltr'>miuus</span> <span class='ocrx_word' id='word_1_92' title='bbox 573 1354 619 1415; x_wconf 86' lang='lat' dir='ltr'>vis</span> <span class='ocrx_word' id='word_1_93' title='bbox 646 1353 836 1441; x_wconf 68' lang='lat' dir='ltr'>requiritur,</span> <span class='ocrx_word' id='word_1_94' title='bbox 864 1372 905 1418; x_wconf 90' lang='lat' dir='ltr'>ut</span> <span class='ocrx_word' id='word_1_95' title='bbox 935 1376 1066 1424; x_wconf 82' lang='lat' dir='ltr'>creatura</span> 
     </span>
     <span class='ocr_line' id='line_1_16' title="bbox 169 1441 1071 1534; baseline -0.002 -24"><span class='ocrx_word' id='word_1_96' title='bbox 169 1459 372 1534; x_wconf 83' lang='lat' dir='ltr'>perseveret,</span> <span class='ocrx_word' id='word_1_97' title='bbox 390 1445 486 1530; x_wconf 83' lang='lat' dir='ltr'>quam</span> <span class='ocrx_word' id='word_1_98' title='bbox 502 1457 538 1506; x_wconf 86' lang='lat' dir='ltr'>ut</span> <span class='ocrx_word' id='word_1_99' title='bbox 554 1441 687 1526; x_wconf 87' lang='lat' dir='ltr'>primum</span> <span class='ocrx_word' id='word_1_100' title='bbox 702 1442 833 1530; x_wconf 83' lang='lat' dir='ltr'>incipiat</span> <span class='ocrx_word' id='word_1_101' title='bbox 853 1445 1010 1512; x_wconf 84' lang='lat' dir='ltr'>existere.</span> <span class='ocrx_word' id='word_1_102' title='bbox 1033 1445 1071 1509; x_wconf 83' lang='lat' dir='ltr'>Et</span> 
     </span>
     <span class='ocr_line' id='line_1_17' title="bbox 170 1531 1066 1622; baseline 0.001 -24"><span class='ocrx_word' id='word_1_103' title='bbox 170 1532 329 1622; x_wconf 71' lang='lat' dir='ltr'>quidem,</span> <span class='ocrx_word' id='word_1_104' title='bbox 349 1532 614 1595; x_wconf 69' lang='lat' dir='ltr'>ueraeocinrmr</span> <span class='ocrx_word' id='word_1_105' title='bbox 634 1531 815 1605; x_wconf 70' lang='lat' dir='ltr'>Canterius,</span> <span class='ocrx_word' id='word_1_106' title='bbox 838 1551 882 1594; x_wconf 90' lang='lat' dir='ltr'>ex</span> <span class='ocrx_word' id='word_1_107' title='bbox 907 1555 954 1598; x_wconf 91' lang='lat' dir='ltr'>eo</span> <span class='ocrx_word' id='word_1_108' title='bbox 977 1557 1066 1622; x_wconf 82' lang='lat' dir='ltr'>pm-</span> 
     </span>
     <span class='ocr_line' id='line_1_18' title="bbox 120 1615 1065 1708; baseline -0.003 -19"><span class='ocrx_word' id='word_1_109' title='bbox 120 1685 122 1694; x_wconf 81' lang='grc'>,</span> <span class='ocrx_word' id='word_1_110' title='bbox 168 1627 252 1700; x_wconf 76' lang='lat' dir='ltr'>eise,</span> <span class='ocrx_word' id='word_1_111' title='bbox 276 1621 368 1708; x_wconf 79' lang='lat' dir='ltr'>quod</span> <span class='ocrx_word' id='word_1_112' title='bbox 381 1641 466 1684; x_wconf 87' lang='lat' dir='ltr'>nunc</span> <span class='ocrx_word' id='word_1_113' title='bbox 482 1622 629 1695; x_wconf 77' lang='lat' dir='ltr'>existam,</span> <span class='ocrx_word' id='word_1_114' title='bbox 647 1615 885 1696; x_wconf 85' lang='lat' dir='ltr'>noninfertur,</span> <span class='ocrx_word' id='word_1_115' title='bbox 904 1645 962 1686; x_wconf 88' lang='lat' dir='ltr'>me</span> <span class='ocrx_word' id='word_1_116' title='bbox 981 1622 1065 1689; x_wconf 79' lang='lat' dir='ltr'>debe-</span> 
     </span>
     <span class='ocr_line' id='line_1_19' title="bbox 169 1708 1069 1796; baseline 0.002 -21"><span class='ocrx_word' id='word_1_117' title='bbox 169 1732 205 1775; x_wconf 83' lang='lat' dir='ltr'>re</span> <span class='ocrx_word' id='word_1_118' title='bbox 224 1729 297 1796; x_wconf 87' lang='lat' dir='ltr'>post</span> <span class='ocrx_word' id='word_1_119' title='bbox 315 1711 424 1772; x_wconf 84' lang='lat' dir='ltr'>horam</span> <span class='ocrx_word' id='word_1_120' title='bbox 445 1709 595 1786; x_wconf 76' lang='lat' dir='ltr'>existere,</span> <span class='ocrx_word' id='word_1_121' title='bbox 612 1708 670 1770; x_wconf 88' lang='lat' dir='ltr'>nisi</span> <span class='ocrx_word' id='word_1_122' title='bbox 691 1709 888 1774; x_wconf 79' lang='lat' dir='ltr'>existentiam</span> <span class='ocrx_word' id='word_1_123' title='bbox 905 1710 988 1774; x_wconf 80' lang='lat' dir='ltr'>mihi</span> <span class='ocrx_word' id='word_1_124' title='bbox 1005 1731 1069 1776; x_wconf 87' lang='lat' dir='ltr'>con·</span> 
     </span>
     <span class='ocr_line' id='line_1_20' title="bbox 170 1795 1123 1882; baseline -0.001 -18"><span class='ocrx_word' id='word_1_125' title='bbox 170 1800 259 1864; x_wconf 87' lang='lat' dir='ltr'>tiuuo</span> <span class='ocrx_word' id='word_1_126' title='bbox 281 1798 437 1862; x_wconf 83' lang='lat' dir='ltr'>tribuatur</span> <span class='ocrx_word' id='word_1_127' title='bbox 456 1796 496 1860; x_wconf 87' lang='lat' dir='ltr'>ab</span> <span class='ocrx_word' id='word_1_128' title='bbox 515 1819 574 1873; x_wconf 89' lang='lat' dir='ltr'>eo,</span> <span class='ocrx_word' id='word_1_129' title='bbox 597 1797 653 1882; x_wconf 90' lang='lat' dir='ltr'>qui</span> <span class='ocrx_word' id='word_1_130' title='bbox 678 1813 726 1861; x_wconf 91' lang='lat' dir='ltr'>est</span> <span class='ocrx_word' id='word_1_131' title='bbox 745 1817 798 1861; x_wconf 87' lang='lat' dir='ltr'>ens</span> <span class='ocrx_word' id='word_1_132' title='bbox 818 1819 877 1882; x_wconf 87' lang='lat' dir='ltr'>per</span> <span class='ocrx_word' id='word_1_133' title='bbox 895 1802 1070 1864; x_wconf 83' lang='lat' dir='ltr'>essentiam.</span> <span class='ocrx_word' id='word_1_134' title='bbox 1122 1795 1123 1804; x_wconf 69' lang='grc'>’</span> 
     </span>
     <span class='ocr_line' id='line_1_21' title="bbox 171 1883 1071 1974; baseline 0.002 -23"><span class='ocrx_word' id='word_1_135' title='bbox 171 1885 292 1974; x_wconf 86' lang='lat' dir='ltr'>Neque</span> <span class='ocrx_word' id='word_1_136' title='bbox 307 1904 409 1950; x_wconf 87' lang='lat' dir='ltr'>tamen</span> <span class='ocrx_word' id='word_1_137' title='bbox 429 1902 543 1972; x_wconf 86' lang='lat' dir='ltr'>putes,</span> <span class='ocrx_word' id='word_1_138' title='bbox 570 1883 699 1972; x_wconf 84' lang='lat' dir='ltr'>singulis</span> <span class='ocrx_word' id='word_1_139' title='bbox 717 1883 906 1948; x_wconf 87' lang='lat' dir='ltr'>instantibus</span> <span class='ocrx_word' id='word_1_140' title='bbox 931 1888 1071 1954; x_wconf 76' lang='lat' dir='ltr'>renovari</span> 
     </span>
     <span class='ocr_line' id='line_1_22' title="bbox 166 1969 1070 2061; baseline 0.003 -21"><span class='ocrx_word' id='word_1_141' title='bbox 166 1982 277 2043; x_wconf 81' lang='lat' dir='ltr'>actum</span> <span class='ocrx_word' id='word_1_142' title='bbox 293 1975 417 2039; x_wconf 83' lang='lat' dir='ltr'>divinae</span> <span class='ocrx_word' id='word_1_143' title='bbox 431 1973 622 2052; x_wconf 67' lang='lat' dir='ltr'>vetustatis,</span> <span class='ocrx_word' id='word_1_144' title='bbox 641 1969 728 2061; x_wconf 81' lang='lat' dir='ltr'>quasi</span> <span class='ocrx_word' id='word_1_145' title='bbox 746 1973 833 2037; x_wconf 86' lang='lat' dir='ltr'>Deus</span> <span class='ocrx_word' id='word_1_146' title='bbox 851 1980 1014 2042; x_wconf 89' lang='lat' dir='ltr'>continuo</span> <span class='ocrx_word' id='word_1_147' title='bbox 1027 1977 1070 2042; x_wconf 87' lang='lat' dir='ltr'>di·</span> 
     </span>
     <span class='ocr_line' id='line_1_23' title="bbox 168 2061 1064 2139; baseline -0.001 -13"><span class='ocrx_word' id='word_1_148' title='bbox 168 2081 273 2127; x_wconf 87' lang='lat' dir='ltr'>ceret:</span> <span class='ocrx_word' id='word_1_149' title='bbox 302 2061 390 2139; x_wconf 85' lang='lat' dir='ltr'>volo,</span> <span class='ocrx_word' id='word_1_150' title='bbox 417 2079 606 2128; x_wconf 80' lang='lat' dir='ltr'>creaturam</span> <span class='ocrx_word' id='word_1_151' title='bbox 630 2067 792 2138; x_wconf 77' lang='lat' dir='ltr'>existere,</span> <span class='ocrx_word' id='word_1_152' title='bbox 816 2061 871 2126; x_wconf 88' lang='lat' dir='ltr'>sed</span> <span class='ocrx_word' id='word_1_153' title='bbox 895 2080 947 2127; x_wconf 88' lang='lat' dir='ltr'>est</span> <span class='ocrx_word' id='word_1_154' title='bbox 968 2067 1064 2129; x_wconf 85' lang='lat' dir='ltr'>unicus</span> 
     </span>
     <span class='ocr_line' id='line_1_24' title="bbox 169 2148 1068 2238; baseline 0.001 -24"><span class='ocrx_word' id='word_1_155' title='bbox 169 2149 317 2232; x_wconf 84' lang='lat' dir='ltr'>idemque</span> <span class='ocrx_word' id='word_1_156' title='bbox 332 2168 419 2215; x_wconf 87' lang='lat' dir='ltr'>actus</span> <span class='ocrx_word' id='word_1_157' title='bbox 434 2150 669 2238; x_wconf 77' lang='lat' dir='ltr'>simplicissimus</span> <span class='ocrx_word' id='word_1_158' title='bbox 687 2148 727 2212; x_wconf 85' lang='lat' dir='ltr'>ab</span> <span class='ocrx_word' id='word_1_159' title='bbox 738 2168 868 2214; x_wconf 85' lang='lat' dir='ltr'>aeterno</span> <span class='ocrx_word' id='word_1_160' title='bbox 879 2153 1068 2236; x_wconf 88' lang='lat' dir='ltr'>productus,</span> 
     </span>
     <span class='ocr_line' id='line_1_25' title="bbox 129 2237 1123 2330; baseline 0 -26"><span class='ocrx_word' id='word_1_161' title='bbox 129 2297 133 2304; x_wconf 93' lang='lat'>.</span> <span class='ocrx_word' id='word_1_162' title='bbox 171 2237 912 2330; x_wconf 85' lang='lat' dir='ltr'>quoDeusvoluit,temexistere,quiactus</span> <span class='ocrx_word' id='word_1_163' title='bbox 944 2245 1069 2327; x_wconf 76' lang='lat' dir='ltr'>posrii·</span> <span class='ocrx_word' id='word_1_164' title='bbox 1122 2245 1123 2270; x_wconf 82' lang='lat'>³</span> 
     </span>
     <span class='ocr_line' id='line_1_26' title="bbox 170 2325 1068 2416; baseline -0.004 -20"><span class='ocrx_word' id='word_1_165' title='bbox 170 2335 221 2396; x_wconf 82' lang='lat' dir='ltr'>ve&#39;</span> <span class='ocrx_word' id='word_1_166' title='bbox 234 2329 335 2395; x_wconf 75' lang='lat' dir='ltr'>influit</span> <span class='ocrx_word' id='word_1_167' title='bbox 361 2328 482 2416; x_wconf 76' lang='lat' dir='ltr'>singula</span> <span class='ocrx_word' id='word_1_168' title='bbox 508 2347 666 2412; x_wconf 81' lang='lat' dir='ltr'>momenta</span> <span class='ocrx_word' id='word_1_169' title='bbox 685 2373 694 2404; x_wconf 94' lang='lat'>,</span> <span class='ocrx_word' id='word_1_170' title='bbox 711 2325 826 2412; x_wconf 88' lang='lat' dir='ltr'>quibus</span> <span class='ocrx_word' id='word_1_171' title='bbox 852 2327 958 2392; x_wconf 86' lang='lat' dir='ltr'>existit</span> <span class='ocrx_word' id='word_1_172' title='bbox 974 2349 1068 2394; x_wconf 83' lang='lat' dir='ltr'>crea-</span> 
     </span>
     <span class='ocr_line' id='line_1_27' title="bbox 170 2415 1071 2504; baseline 0.002 -24"><span class='ocrx_word' id='word_1_173' title='bbox 170 2433 252 2482; x_wconf 87' lang='lat' dir='ltr'>tura.</span> <span class='ocrx_word' id='word_1_174' title='bbox 287 2439 328 2483; x_wconf 90' lang='lat' dir='ltr'>tr.</span> <span class='ocrx_word' id='word_1_175' title='bbox 359 2419 387 2481; x_wconf 88' lang='lat' dir='ltr'>Si</span> <span class='ocrx_word' id='word_1_176' title='bbox 411 2418 536 2504; x_wconf 84' lang='lat' dir='ltr'>singuiis</span> <span class='ocrx_word' id='word_1_177' title='bbox 553 2415 740 2480; x_wconf 87' lang='lat' dir='ltr'>instantibus</span> <span class='ocrx_word' id='word_1_178' title='bbox 759 2417 843 2480; x_wconf 88' lang='lat' dir='ltr'>Deus</span> <span class='ocrx_word' id='word_1_179' title='bbox 862 2438 925 2481; x_wconf 91' lang='lat' dir='ltr'>nort</span> <span class='ocrx_word' id='word_1_180' title='bbox 942 2416 1071 2503; x_wconf 57' lang='lat' dir='ltr'>produ*-</span> 
     </span>
     <span class='ocr_line' id='line_1_28' title="bbox 170 2520 1072 2591; baseline 0.001 -21"><span class='ocrx_word' id='word_1_181' title='bbox 170 2523 256 2572; x_wconf 87' lang='lat' dir='ltr'>ceret</span> <span class='ocrx_word' id='word_1_182' title='bbox 285 2527 339 2570; x_wconf 89' lang='lat' dir='ltr'>seu</span> <span class='ocrx_word' id='word_1_183' title='bbox 354 2524 477 2569; x_wconf 85' lang='lat' dir='ltr'>crearet</span> <span class='ocrx_word' id='word_1_184' title='bbox 493 2525 602 2570; x_wconf 87' lang='lat' dir='ltr'>omnes</span> <span class='ocrx_word' id='word_1_185' title='bbox 616 2524 774 2570; x_wconf 84' lang='lat' dir='ltr'>creaturas</span> <span class='ocrx_word' id='word_1_186' title='bbox 791 2550 800 2580; x_wconf 93' lang='lat'>‚</span> <span class='ocrx_word' id='word_1_187' title='bbox 816 2527 869 2570; x_wconf 84' lang='lat' dir='ltr'>eas</span> <span class='ocrx_word' id='word_1_188' title='bbox 884 2525 948 2568; x_wconf 87' lang='lat' dir='ltr'>non</span> <span class='ocrx_word' id='word_1_189' title='bbox 964 2520 1072 2591; x_wconf 83' lang='lat' dir='ltr'>posset</span> 
     </span>
     <span class='ocr_line' id='line_1_29' title="bbox 170 2591 1073 2682; baseline 0 -24"><span class='ocrx_word' id='word_1_190' title='bbox 170 2593 352 2659; x_wconf 78' lang='lat' dir='ltr'>annihilare.</span> <span class='ocrx_word' id='word_1_191' title='bbox 376 2595 462 2657; x_wconf 87' lang='lat' dir='ltr'>Nam</span> <span class='ocrx_word' id='word_1_192' title='bbox 479 2591 662 2658; x_wconf 77' lang='lat' dir='ltr'>annihilatio</span> <span class='ocrx_word' id='word_1_193' title='bbox 681 2614 744 2656; x_wconf 90' lang='lat' dir='ltr'>non</span> <span class='ocrx_word' id='word_1_194' title='bbox 768 2593 892 2658; x_wconf 84' lang='lat' dir='ltr'>videtur</span> <span class='ocrx_word' id='word_1_195' title='bbox 916 2595 985 2659; x_wconf 89' lang='lat' dir='ltr'>fieri</span> <span class='ocrx_word' id='word_1_196' title='bbox 1006 2616 1073 2682; x_wconf 87' lang='lat' dir='ltr'>pos·</span> 
     </span>
     <span class='ocr_line' id='line_1_30' title="bbox 166 2681 1074 2771; baseline 0 -25"><span class='ocrx_word' id='word_1_197' title='bbox 166 2703 222 2758; x_wconf 81' lang='lat' dir='ltr'>se,</span> <span class='ocrx_word' id='word_1_198' title='bbox 237 2682 292 2744; x_wconf 84' lang='lat' dir='ltr'>nisi</span> <span class='ocrx_word' id='word_1_199' title='bbox 306 2703 360 2766; x_wconf 85' lang='lat' dir='ltr'>per</span> <span class='ocrx_word' id='word_1_200' title='bbox 372 2685 526 2746; x_wconf 87' lang='lat' dir='ltr'>actionem</span> <span class='ocrx_word' id='word_1_201' title='bbox 544 2683 719 2768; x_wconf 83' lang='lat' dir='ltr'>positivam</span> <span class='ocrx_word' id='word_1_202' title='bbox 735 2699 790 2745; x_wconf 87' lang='lat' dir='ltr'>aut</span> <span class='ocrx_word' id='word_1_203' title='bbox 807 2702 864 2771; x_wconf 88' lang='lat' dir='ltr'>per</span> <span class='ocrx_word' id='word_1_204' title='bbox 876 2681 1074 2748; x_wconf 86' lang='lat' dir='ltr'>subtractio·</span> 
     </span>
     <span class='ocr_line' id='line_1_31' title="bbox 170 2767 1073 2856; baseline 0.002 -22"><span class='ocrx_word' id='word_1_205' title='bbox 170 2790 243 2835; x_wconf 87' lang='lat' dir='ltr'>nem</span> <span class='ocrx_word' id='word_1_206' title='bbox 263 2767 392 2833; x_wconf 88' lang='lat' dir='ltr'>actionis</span> <span class='ocrx_word' id='word_1_207' title='bbox 412 2769 584 2856; x_wconf 82' lang='lat' dir='ltr'>positivae,</span> <span class='ocrx_word' id='word_1_208' title='bbox 601 2769 633 2832; x_wconf 91' lang='lat' dir='ltr'>id</span> <span class='ocrx_word' id='word_1_209' title='bbox 650 2787 697 2835; x_wconf 89' lang='lat' dir='ltr'>est</span> <span class='ocrx_word' id='word_1_210' title='bbox 708 2787 789 2849; x_wconf 67' lang='lat' dir='ltr'>,aut</span> <span class='ocrx_word' id='word_1_211' title='bbox 804 2768 980 2835; x_wconf 88' lang='lat' dir='ltr'>tribuendo</span> <span class='ocrx_word' id='word_1_212' title='bbox 996 2770 1073 2836; x_wconf 83' lang='lat' dir='ltr'>nihi·</span> 
     </span>
     <span class='ocr_line' id='line_1_32' title="bbox 15 2856 1076 3014; baseline 0.003 -93"><span class='ocrx_word' id='word_1_213' title='bbox 15 2908 16 2921; x_wconf 67' lang='grc'>,</span> <span class='ocrx_word' id='word_1_214' title='bbox 170 2856 255 2934; x_wconf 90' lang='lat' dir='ltr'>lum,</span> <span class='ocrx_word' id='word_1_215' title='bbox 280 2867 334 2919; x_wconf 86' lang='lat' dir='ltr'>a&#39;ur</span> <span class='ocrx_word' id='word_1_216' title='bbox 363 2857 537 3014; x_wconf 56' lang='lat' dir='ltr'>desissQJO</span> <span class='ocrx_word' id='word_1_217' title='bbox 557 2857 696 2924; x_wconf 85' lang='lat' dir='ltr'>tribuere</span> <span class='ocrx_word' id='word_1_218' title='bbox 725 2860 953 2934; x_wconf 66' lang='lat' dir='ltr'>existentiam</span> <span class='ocrx_word' id='word_1_219' title='bbox 989 2860 1076 2947; x_wconf 86' lang='lat' dir='ltr'>atq&#39;ui</span> 
     </span>
     <span class='ocr_line' id='line_1_33' title="bbox 15 2941 1083 3034; baseline 0.01 -30"><span class='ocrx_word' id='word_1_220' title='bbox 15 2966 17 2975; x_wconf 93' lang='lat'>·</span> <span class='ocrx_word' id='word_1_221' title='bbox 87 2943 88 2946; x_wconf 69' lang='grc'>’</span> <span class='ocrx_word' id='word_1_222' title='bbox 171 2944 303 3008; x_wconf 82' lang='lat' dir='ltr'>nihilum</span> <span class='ocrx_word' id='word_1_223' title='bbox 327 2941 395 3008; x_wconf 86' lang='lat' dir='ltr'>dari</span> <span class='ocrx_word' id='word_1_224' title='bbox 420 2963 463 3006; x_wconf 85' lang='lat' dir='ltr'>no</span> <span class='ocrx_word' id='word_1_225' title='bbox 513 2963 639 3027; x_wconf 88' lang='lat' dir='ltr'>potest,</span> <span class='ocrx_word' id='word_1_226' title='bbox 665 2967 763 3034; x_wconf 88' lang='lat' dir='ltr'>quum</span> <span class='ocrx_word' id='word_1_227' title='bbox 782 2945 867 3028; x_wconf 84' lang='lat' dir='ltr'>nulia</span> <span class='ocrx_word' id='word_1_228' title='bbox 886 2947 926 3008; x_wconf 90' lang='lat' dir='ltr'>sit</span> <span class='ocrx_word' id='word_1_229' title='bbox 942 2951 1083 3032; x_wconf 81' lang='lat' dir='ltr'>positiva</span> 
     </span>
    </p>
   </div>
   <div class='ocr_carea' id='block_1_2' title="bbox 171 3029 1085 3122">
    <p class='ocr_par' dir='ltr' id='par_1_5' title="bbox 171 3029 1085 3122">
     <span class='ocr_line' id='line_1_34' title="bbox 171 3029 1085 3122; baseline 0.013 -30"><span class='ocrx_word' id='word_1_230' title='bbox 171 3035 278 3110; x_wconf 85' lang='lat' dir='ltr'>actio,</span> <span class='ocrx_word' id='word_1_231' title='bbox 297 3051 380 3116; x_wconf 84' lang='lat' dir='ltr'>quae</span> <span class='ocrx_word' id='word_1_232' title='bbox 399 3032 441 3096; x_wconf 85' lang='lat' dir='ltr'>ad</span> <span class='ocrx_word' id='word_1_233' title='bbox 456 3029 587 3098; x_wconf 84' lang='lat' dir='ltr'>nihilum</span> <span class='ocrx_word' id='word_1_234' title='bbox 604 3037 810 3115; x_wconf 81' lang='lat' dir='ltr'>terminetur3</span> <span class='ocrx_word' id='word_1_235' title='bbox 833 3053 908 3122; x_wconf 82' lang='lat' dir='ltr'>ergo</span> <span class='ocrx_word' id='word_1_236' title='bbox 932 3035 1085 3104; x_wconf 79' lang='lat' dir='ltr'>nonnisi</span> 
     </span>
    </p>
   </div>
   <div class='ocr_carea' id='block_1_3' title="bbox 0 0 1151 3416">
    <p class='ocr_par' dir='ltr' id='par_1_6' title="bbox 0 0 1151 3416">
     <span class='ocr_line' id='line_1_35' title="bbox 0 0 1151 3416; baseline 0 0"><span class='ocrx_word' id='word_1_237' title='bbox 0 0 1151 3416; x_wconf 95' lang='lat' dir='ltr'> </span> 
     </span>
    </p>
   </div>
  </div>
 </body>
</html>
