2300 3506
158 224 163 229 ,
222 207 264 256 ao
461 180 644 255 tusrrnvn‘.
667 175 800 252 natans
883 184 885 193 '

220 277 392 342 imitatione
414 279 570 378 acquisito
596 275 635 339 ad
659 299 693 339 ac
697 295 764 340 tum
779 274 831 338 vix
851 273 955 342 reduci
971 295 1049 382 pos·⁸

131 383 138 398 '
219 385 316 461 sunt,
346 367 446 452 mnito
474 367 573 431 minus
594 364 635 430 ad
652 363 819 446 habitum,
848 365 893 444 ita
907 370 937 430 et
947 366 1050 454 tuenti

198 441 357 519 'bostrae
379 447 491 516 indita
502 471 550 517 est
582 451 751 556 dispositio
784 449 824 518 ad
850 447 1051 542 operationes

218 563 289 608 suas
309 545 339 605 in
363 542 505 607 veritatis
513 543 725 624 inquisitione
752 541 937 628 dirigendas.
971 543 1053 609 Ete-

218 633 282 695 nim
309 632 374 695 sine
402 630 521 732 logicae
553 631 730 717 praeceptis
760 633 858 694 multa
883 633 1053 718 cognosci-

218 742 317 796 mus,
348 719 438 806 quod
467 717 595 804 quidem
624 719 689 785 sine
715 719 820 804 aliqua
844 719 1052 804 dispositione

218 766 353 872 natur’aii
377 830 444 873 esse
474 830 537 871 non
555 824 675 894 potest
707 809 768 872 Sed
790 805 868 871 haec
883 807 1052 892 dispositio
1144 813 1145 818 ’

218 897 284 962 sine
290 913 489 990 comparato
514 902 552 961 eit
576 895 709 960 aliorum'
722 894 908 958 hominum
901 897 1052 960 imitatio-

218 1007 260 1049 ne
275 987 427 1052 exercitio
442 985 481 1048 ad
497 1001 610 1048 aetum
617 982 723 1050 reduci
735 983 792 1046 vix
810 975 1051 1070 potest,niul-

218 1091 255 1136 to
277 1076 378 1137 minus
402 1072 441 1136 ad
464 1072 616 1136 habitum.
650 1073 814 1150 Quantum
835 1095 911 1139 veto
932 1075 971 1138 ad
990 1071 1053 1136 hu-

214 1161 266 1225 ins
284 1161 498 1248 dispositionis
523 1179 630 1224 aetum
652 1177 684 1226 et
709 1159 849 1224 habitum
872 1161 1053 1226 conducant

219 1252 408 1314 exercitatio
419 1249 641 1332 ,aliorumque
655 1247 816 1312 hominum
828 1251 960 1315 societas
972 1250 1054 1316 duo-

217 1335 282 1402 bus
313 1337 491 1422 exemplis
497 1335 599 1402 iicebit
629 1337 813 1426 intelligere,

286 1425 425 1490 Primum
454 1409 586 1499 refectui
613 1447 630 1488 a
660 1425 823 1490 Bernardo
852 1425 1030 1490 Connor'
1021 1448 1054 1494 tn

218 1512 386 1600 evangelio
409 1512 529 1579 mediet
542 1531 601 1580 art
629 1533 677 1598 15.
704 1535 786 1578 anno
805 1509 900 1598 1694
930 1513 975 1578 Iti
993 1522 1054 1582 ne-

215 1604 359 1682 mniibtis
388 1602 428 1666 'ad
447 1599 642 1666 bithuaniae
683 1621 736 1666 et
733 1601 898 1668 Rosciae
902 1603 1054 1669 confinia

219 1691 300 1755 sitis
313 1694 344 1755 in
370 1692 516 1753 ursorum
550 1713 644 1782 grege
671 1692 817 1756 inventus
846 1709 894 1756 est
923 1693 1054 1771 iuvenis,

139 1789 145 1798 “
178 1807 182 1817 ·
219 1779 333 1847 decem
355 1778 598 1842 circiterannos
621 1796 737 1855 natus,
770 1781 939 1865 adspectu
948 1779 1056 1844 horri-

116 1867 128 1880 '
219 1865 308 1946 dus,
338 1865 409 1952 pilis
438 1865 601 1942 hirsutus,
628 1867 730 1930 omnis
754 1867 900 1954 loquelae
928 1889 1056 1970 expers,

219 1975 280 2019 nec
309 1955 407 2020 ulium
432 1953 560 2016 rationis
587 1953 737 2018 indicium
764 1951 931 2042 praebens.
961 1953 1058 2021 Pedi-

220 2043 279 2108 bus
292 2065 329 2106 ac
344 2041 487 2106 manibus
505 2063 651 2106 ursorum
665 2045 761 2107 instar
777 2043 962 2124 incedebat,
983 2045 1058 2108 vui·

219 2149 254 2198 tu
277 2149 383 2197 tamen
406 2148 439 2196 et
463 2145 592 2196 externa
614 2131 688 2195 nudi
711 2133 854 2217 corporis
877 2135 974 2220 figura
997 2133 1059 2196 ho·

218 2221 334 2284 minem
366 2216 518 2288 referebat
568 2219 752 2304 Baptizatus
781 2239 816 2286 et
843 2242 915 2284 cum
949 2220 1059 2285 homi-

221 2310 333 2372 nibus
341 2307 486 2394 degens,
512 2309 630 2370 innixis
650 2310 784 2389 primum
813 2309 922 2389 parieti
952 2309 1061 2376 mani-

219 2396 305 2476 bus,
334 2397 461 2459 tandem
489 2412 570 2458 stare
601 2395 736 2482 pedibus
767 2396 902 2474 didicit,
931 2416 962 2466 et
976 2397 1061 2462 cibas

220 2484 363 2549 humanis
381 2481 604 2562 assuefactus,
633 2505 704 2572 post
722 2487 849 2573 iongum
867 2504 991 2572 tempus
1008 2484 1065 2552 fe·

221 2595 290 2637 ram
312 2589 460 2636 naturam·
475 2574 586 2650 exuit,
618 2593 654 2636 ac
679 2572 774 2637 verba
800 2573 959 2659 quaedam
983 2597 1066 2640 tau·

220 2681 258 2724 ca
285 2677 364 2725 voce
398 2657 538 2745 proferte
565 2663 682 2748 coepit.
714 2662 764 2726 De
786 2679 869 2724 statu
894 2663 1066 2748 sylvestris

186 2799 187 2804 ,
223 2750 306 2814 uitae
327 2752 562 2838 interrogatus,
591 2771 655 2812 non
683 2751 779 2838 magis
796 2748 960 2837 praeteriti
975 2771 1070 2818 tem-

221 2840 308 2927 potis
333 2839 544 2941 meminerat,
571 2859 667 2922 quam
693 2860 749 2902 nos
773 2861 883 2904 eornm
906 2819 1071 2906 recorda'-

221 2947 316 3016 mut,
348 2949 433 3019 quae
455 2928 576 3018 egimus
600 2928 761 3016 vagientes
777 2931 809 2996 in
829 2926 929 2995 cunis.
