2264 3420
229 184 272 255 70
457 178 676 232 Qlusrlnvr
715 173 846 232 sartos

224 255 341 332 malla,
362 265 448 360 quae'
453 255 694 350 circularibus'
686 255 827 320 incisuris
849 254 1056 344 distinguuntur,

219 347 423 410 transversim
439 339 585 410 secentu't
598 344 761 434 ,singulae
783 344 904 408 illorum
929 360 1013 429 partes
1018 337 1056 405 ad

219 447 300 496 'acus
316 453 508 537 puncturam
525 450 578 497 aut
593 433 683 497 alia'm
699 452 928 521 quamcumque
942 431 1056 495 irritatio-

225 538 298 584 nem
310 521 401 584 variis
411 523 511 586 modis
523 527 713 624 torquentur
724 542 753 587 et
762 523 937 612 agitantur3
947 539 1056 606 acptum

227 597 381 674 deatlltuc
390 614 524 675 sentiunt
534 631 599 674 stne
607 609 752 684 cerebro,
763 635 838 700 ergo
851 633 903 696 pet
912 607 1053 693 analogian,

222 719 309 788 quae
321 717 367 762 est
375 699 460 765 inter
475 721 614 788 corpora
627 699 762 762 hominis
774 720 805 765 et
819 699 922 776 bruti,
941 697 1007 762 idem
1024 695 1054 758 di·

223 783 430 853 cendtmest
451 787 492 853 de
513 787 651 852 homme
680 789 777 874 Resp.
808 789 853 852 N.
877 809 961 852 cons
977 804 1053 870 etpar

220 875 300 941 -Aria
312 880 392 939 enim
403 895 451 942 est
463 877 605 962 corporis
621 876 747 941 humani
761 894 939 953 structura,
959 875 1003 937 alia
1013 893 1052 937 set·

225 980 359 1052 pentum
372 973 404 1030 'et
420 969 627 1044 lacertarum,
639 965 794 1060 inquibus
805 921 958 1031 medullae
970 959 1050 1061 spinalis

119 1072 123 1087 ·
168 1116 169 1120 ,
219 1059 332 1144 spartes
344 1055 532 1118 considerari
544 1074 674 1140 possunt
685 1053 846 1142 tamquam
860 1049 1052 1118 totidemn‘m

229 1163 263 1206 ra
274 1143 424 1208 cerebra·
438 1143 508 1206 hinc
522 1143 578 1220 fit,
591 1161 626 1206 ut
642 1161 744 1229 patres
757 1143 904 1232 corporis
918 1138 1057 1204 humanite-

229 1246 334 1294 sectae
354 1249 428 1318 pust
446 1189 664 1336 brevissimum
686 1251 813 1322 tempus
830 1233 917 1298 omni
939 1225 1057 1295 morule·

223 1320 415 1384 stituantur.

298 1407 424 1473 Obiect.
445 1425 473 1492 ς.
489 1405 794 1475 Incertumomnrno
806 1425 879 1488 est
894 1431 933 1474 an
947 1417 1058 1470 mutuset

224 1513 351 1584 organo
370 1494 510 1562 sensorio
524 1501 563 1563 ad
578 1499 744 1583 cerebrum
764 1517 959 1586 propagetur
974 1489 1061 1558 fibrilla·

228 1603 325 1664 ¹turn
315 1605 501 1652 nervearum
512 1586 735 1663 oscillatione,
759 1608 798 1650 an
815 1584 902 1650 fluidi
922 1584 1015 1652 nervei
1031 1595 1061 1642 aur

229 1674 398 1768 spirituum
409 1675 586 1739 animalium
601 1697 684 1760 ope,
702 1675 809 1738 analio
799 1693 1037 1780 quocumque⁸
1027 1686 1061 1731 ur

232 1760 303 1824 do·
292 1785 304 1838 3
330 1785 405 1852 ergo
430 1781 539 1826 motus
554 1763 593 1828 ab
620 1761 750 1829 obiectis
766 1759 865 1828 nervis
889 1759 1061 1829 sensotisin·

233 1865 359 1936 pressus
372 1851 412 1914 ad
421 1851 692 1936 cerebrumusque
707 1873 770 1914 non
780 1870 989 1954 propagatur.
1000 1848 1063 1928 Resp

234 1942 460 2025 permirtoant
488 1959 518 2002 es
537 1941 581 2002 N
596 1961 682 2004 cons.
705 1939 786 2005 Heio
801 1961 864 2004 non
879 1938 1064 2025 investigamus

234 2027 391 2104 modum,
413 2047 478 2112 quo
502 2026 552 2092 illa
578 2047 682 2109 motus
706 2029 895 2132 propagatio
922 2028 1066 2093 absolvitur.

236 2119 310 2184 satis
333 2125 379 2180 est
407 2116 526 2202 tatione
551 2135 648 2202 arque
675 2119 866 2204 experientia
880 2135 1038 2190 constare,
1053 2111 1069 2169 ll

234 2191 356 2290 organo
376 2207 515 2268 sensorio
531 2223 652 2272 motum
673 2204 844 2290 quemdam
869 2205 1017 2277 exbitati,
1040 2194 1069 2283 qil

226 2291 278 2384 'ad
292 2289 455 2358 cerebrum
470 2314 571 2380 usque
586 2315 754 2359 nervorum
768 2293 884 2358 auxilio
899 2305 1071 2440 propagatur

149 2379 154 2390 '
237 2380 311 2444 dum
341 2382 438 2460 anima
460 2384 561 2447 sentit.
590 2382 713 2448 Eodem
732 2381 829 2446 modo
852 2379 1039 2468 responden
1042 2393 1071 2438 nu

212 2463 308 2556 jsest,
331 2472 353 2533 si
375 2470 458 2556 quis
470 2468 625 2548 obiiciat,
648 2471 780 2536 anobis
805 2469 1009 2560 intelliginon
1029 2481 1074 2550 p=os

236 2575 297 2636 se,
318 2579 385 2657 qua
409 2557 527 2622 ratione
555 2559 619 2622 fieri
640 2573 763 2647 queat,
790 2578 825 2625 ut
841 2577 996 2661 propter
988 2568 1074 2620 motum

224 2653 225 2657 ’
239 2643 340 2704 nervis
356 2644 539 2728 impressum
553 2647 676 2722 anima,
690 2669 771 2748 quae
785 2668 831 2711 est
844 2647 916 2710 subs
921 2645 1014 2709 tantia
1026 2641 1075 2704 sin

237 2730 350 2905 glot
331 2746 362 2792 et
380 2733 567 2816 spiritualis,
591 2735 743 2820 percipiat
767 2733 926 2800 obiectum
952 2729 1075 2799 sensibile

193 2829 196 2836 '
214 2893 217 2898 Ι
234 2901 236 2906 Ι
269 2819 374 2880 actum
381 2805 457 2892 lleic
474 2822 659 2899 statuimus,
677 2823 829 2886 rationem
843 2821 914 2887 facti
925 2845 989 2886 ιιοιι
1005 2837 1077 2908 quae

230 2896 346 2966 rimus.
367 2893 470 2966 Porto
487 2907 638 2971 adversus
661 2905 744 2974 facta
762 2910 940 2976 indubitata
955 2910 1078 2975 obscurat

240 2991 435 3071 obiectiones
452 3013 515 3054 ιιοιι
530 2993 647 3057 valent.

270 3074 440 3146 Olziecct
453 3077 484 3138 (ι.
506 3077 571 3153 Qui
587 3102 706 3166 organo
728 3083 1079 3165 sensoriodestitunnrur,
