2258 3428
255 148 339 204 aaut
360 149 387 194 r.
412 148 573 196 austeus.
597 147 672 201 cte„
698 149 739 196 rt.
871 153 913 222 pp

59 217 236 306 cipiuntur
262 232 408 284 concrete
435 236 467 284 et
493 219 706 310 adaequate,
723 219 764 285 C·
780 262 790 299 ‚
805 217 916 308 quales

67 305 297 394 concipiuntur
321 307 494 375 abstracte
534 325 566 374 et
598 302 841 398 inadaequate‚
868 311 916 376 N.

64 411 143 462 ant.
174 412 205 460 et
234 416 328 460 cons.

135 481 213 548 Inst.
239 507 269 572 3.
296 481 377 548 Non
402 505 572 574 possumus
599 483 738 554 iudicate
764 508 812 552 res
843 476 914 555 ess'e

70 571 257 650 distinctas,
280 573 336 636 nisi
361 593 420 660 per
448 572 686 642 distinctionem
716 596 752 640 ac
775 575 913 647 diversi·

70 661 362 742 ratem'idearum,
391 683 472 748 quae
497 683 544 728 res
567 661 635 728 illas
658 681 915 752 repraesentante

66 773 145 840 ergo
176 747 231 814 nbi
257 751 339 814 inter
361 747 445 816 ideas
465 768 586 816 nostras
611 750 751 838 aliquam
779 754 916 842 percipi-

64 861 138 922 mus
169 839 404 921 distinctionem
431 859 468 906 ac
497 839 733 928 diversitatem,
764 839 914 906 iudican·
970 837 974 848 '

62 927 215 994 domest
245 927 389 994 eamdem
420 929 632 994 diversitatem
660 927 692 1003 in
723 927 814 992 rebus
837 929 913 1017 ipsis

64 1016 214 1104 reperiri.
237 1015 340 1104 Resp.
366 1015 439 1082 dist·
462 1036 528 1082 ant.
551 1061 562 1096 ,
582 1013 640 1080 nisi
658 1036 713 1103 per
730 1015 914 1083 distinctio-

67 1127 146 1172 nem
177 1103 340 1182 idearum‚
369 1126 450 1193 quae
481 1127 528 1170 res
567 1120 728 1193 tamquam
769 1124 843 1171 actu
881 1124 914 1174 et

67 1187 200 1264 realiter
223 1193 382 1258 distinctas
406 1211 638 1279 repraesentat,
657 1194 731 1273 Q,
759 1217 841 1282 quae
866 1215 914 1276 res

67 1281 284 1348 diversimode
302 1287 520 1370 repraesentat
536 1280 695 1350 obiective
710 1283 835 1363 sulum,
865 1279 914 1350 N.

66 1389 136 1436 ant.
164 1389 197 1437 et
218 1392 311 1435 cons.
336 1369 488 1460 Alioquin
511 1369 651 1438 resilias
674 1389 828 1458 separatas
845 1394 915 1443 esse

66 1457 302 1538 indicaremus,
329 1481 408 1548 quas
425 1481 511 1525 mens
528 1460 694 1545 separatim
712 1459 843 1526 exhibet
858 1483 916 1547 per

69 1547 338 1624 abstractionem,
368 1545 457 1636 quod
480 1565 589 1636 aperte
613 1543 725 1610 falsum
748 1555 779 1612 e't
805 1547 916 1621 absur-

70 1635 153 1700 dum
177 1651 237 1701 est.
258 1635 375 1724 ltaque
401 1636 636 1703 distinctionem
659 1655 762 1698 return
784 1633 835 1700 vel
861 1656 916 1700 re-

71 1723 261 1814 pelatioue,
285 1729 333 1792 vel
358 1725 499 1803 ratione,
528 1725 586 1812 vel
604 1722 797 1812 experientia
823 1723 915 1788 novi-

73 1813 173 1888 mus,
211 1811 398 1884 revelatione
431 1811 580 1900 quidem,
619 1828 653 1876 ut
680 1811 915 1877 distinctionem

68 1899 189 1970 realem
220 1903 312 1968 trium
329 1922 546 1990 ,personatum
574 1901 775 1968 Sanctissime
802 1897 916 1967 Trini-

70 1992 168 2070 tatis,
185 1985 308 2057 ratione
323 1986 375 2056 vel
391 1991 606 2076 experientia,
624 2011 722 2078 quum
739 1990 804 2055 duo
821 1991 916 2056 vide-

67 2100 141 2146 mus
155 2101 221 2144 etse
238 2078 446 2168 separabilia,
461 2095 514 2142 aut
544 2079 586 2142 ita
601 2077 772 2165 opposita,
789 2093 824 2140 ut
843 2077 915 2144 idea

68 2171 163 2236 unius
185 2166 290 2232 ideam
313 2167 441 2234 alterius
466 2167 598 2254 positive
623 2163 783 2230 excludat.
899 2241 901 2248 Ι

134 2247 218 2320 Inst.
249 2277 280 2334 4.
308 2253 389 2320 Tam
421 2253 587 2322 diversitas
614 2271 829 2339 conceptuum
859 2267 915 2320 aut

68 2343 401 2436 repraesentationum
429 2345 458 2407 in
487 2359 591 2408 mente
620 2357 668 2407 est
694 2349 915 2429 argumentum

70 2433 281 2501 distinctionis
298 2453 402 2498 rerum
412 2453 423 2510 ¹,
439 2453 534 2519 quam
551 2430 744 2496 diversitatis
760 2427 917 2494 visionum

70 2527 105 2589 in
138 2521 262 2599 oculu,
291 2520 349 2589 s‘ed
378 2520 541 2588 diversitas
572 2521 731 2585 visionum
754 2519 791 2582 'in
818 2519 918 2582 oculo

75 2627 127 2678 est
153 2625 372 2696 argumentum
399 2607 825 2693 diversitatisobiectnru'rn3
843 2626 919 2694 ergo

72 2697 241 2767 diversitas
262 2699 402 2766 idearum
426 2715 470 2762 est
494 2714 715 2786 argumentum
729 2682 919 2782 diversitatis

73 2784 184 2856 rerum
208 2808 262 2853 seu
287 2787 500 2851 obiectorum.
517 2785 620 2868 Resp.
637 2785 682 2848 N.
698 2784 787 2860 mai,
804 2800 835 2846 et
857 2805 922 2870 pa-

74 2881 215 2946 ritatem.
243 2876 331 2940 Nam
353 2875 467 2941 oculus
490 2895 541 2940 res
557 2873 648 2938 nobis
663 2870 790 2939 exhibet
806 2872 835 2936 in
850 2889 923 2959 sen·

156 2963 248 3034 Tem.
276 2961 310 3038 I,
591 2961 622 3024 0
657 3069 659 3072 Ι
