<?xml version="1.0" encoding="UTF-8"?>
<!DOCTYPE html PUBLIC "-//W3C//DTD XHTML 1.0 Transitional//EN"
    "http://www.w3.org/TR/xhtml1/DTD/xhtml1-transitional.dtd">
<html xmlns="http://www.w3.org/1999/xhtml" xml:lang="en" lang="en">
 <head>
  <title>
</title>
<meta http-equiv="Content-Type" content="text/html;charset=utf-8" />
  <meta name='ocr-system' content='tesseract 3.04.00' />
  <meta name='ocr-capabilities' content='ocr_page ocr_carea ocr_par ocr_line ocrx_word'/>
</head>
<body>
  <div class='ocr_page' id='page_1' title='image "./institutionesph00jacqgoog_0255.png"; bbox 0 0 2298 3418; ppageno 0'>
   <div class='ocr_carea' id='block_1_1' title="bbox 202 163 1143 1659">
    <p class='ocr_par' dir='ltr' id='par_1_1' title="bbox 206 163 1053 394">
     <span class='ocr_line' id='line_1_1' title="bbox 208 163 788 238; baseline 0 -22"><span class='ocrx_word' id='word_1_1' title='bbox 208 167 274 238; x_wconf 77' lang='lat'>234</span> <span class='ocrx_word' id='word_1_2' title='bbox 446 163 629 212; x_wconf 75' lang='lat' dir='ltr'>rttsntrvu.</span> <span class='ocrx_word' id='word_1_3' title='bbox 653 163 788 216; x_wconf 77' lang='lat' dir='ltr'>munos.</span> 
     </span>
     <span class='ocr_line' id='line_1_2' title="bbox 206 234 1053 330; baseline 0.001 -27"><span class='ocrx_word' id='word_1_4' title='bbox 206 234 404 326; x_wconf 89' lang='lat' dir='ltr'>insequenti</span> <span class='ocrx_word' id='word_1_5' title='bbox 430 235 564 301; x_wconf 83' lang='lat' dir='ltr'>articulo</span> <span class='ocrx_word' id='word_1_6' title='bbox 587 239 740 305; x_wconf 79' lang='lat' dir='ltr'>nonnulla</span> <span class='ocrx_word' id='word_1_7' title='bbox 762 237 980 330; x_wconf 82' lang='lat' dir='ltr'>expendemus</span> <span class='ocrx_word' id='word_1_8' title='bbox 997 259 1053 306; x_wconf 82' lang='lat' dir='ltr'>st·</span> 
     </span>
     <span class='ocr_line' id='line_1_3' title="bbox 207 323 441 394; baseline -0.021 -3"><span class='ocrx_word' id='word_1_9' title='bbox 207 347 247 394; x_wconf 85' lang='lat' dir='ltr'>ue</span> <span class='ocrx_word' id='word_1_10' title='bbox 262 323 441 390; x_wconf 81' lang='lat' dir='ltr'>utilissima.</span> 
     </span>
    </p>

    <p class='ocr_par' dir='ltr' id='par_1_2' title="bbox 202 409 1143 1659">
     <span class='ocr_line' id='line_1_4' title="bbox 250 409 1057 484; baseline 0 0"><span class='ocrx_word' id='word_1_11' title='bbox 250 411 357 484; x_wconf 83' lang='lat' dir='ltr'>VIII.</span> <span class='ocrx_word' id='word_1_12' title='bbox 404 411 531 482; x_wconf 77' lang='lat' dir='ltr'>Valent</span> <span class='ocrx_word' id='word_1_13' title='bbox 557 412 653 480; x_wconf 80' lang='lat' dir='ltr'>eriam</span> <span class='ocrx_word' id='word_1_14' title='bbox 677 409 946 484; x_wconf 74' lang='lat' dir='ltr'>considerationes¹</span> <span class='ocrx_word' id='word_1_15' title='bbox 972 415 1057 484; x_wconf 78' lang='lat' dir='ltr'>illae</span> 
     </span>
     <span class='ocr_line' id='line_1_5' title="bbox 207 503 1057 590; baseline -0.001 -20"><span class='ocrx_word' id='word_1_16' title='bbox 207 503 249 570; x_wconf 76' lang='lat' dir='ltr'>sd</span> <span class='ocrx_word' id='word_1_17' title='bbox 283 522 355 590; x_wconf 89' lang='lat' dir='ltr'>spes</span> <span class='ocrx_word' id='word_1_18' title='bbox 392 518 561 590; x_wconf 85' lang='lat' dir='ltr'>metusque</span> <span class='ocrx_word' id='word_1_19' title='bbox 589 522 716 570; x_wconf 85' lang='lat' dir='ltr'>nostros</span> <span class='ocrx_word' id='word_1_20' title='bbox 745 508 824 572; x_wconf 83' lang='lat' dir='ltr'>intra</span> <span class='ocrx_word' id='word_1_21' title='bbox 856 523 962 572; x_wconf 80' lang='lat' dir='ltr'>rectae</span> <span class='ocrx_word' id='word_1_22' title='bbox 988 527 1057 569; x_wconf 86' lang='lat' dir='ltr'>ra-</span> 
     </span>
     <span class='ocr_line' id='line_1_6' title="bbox 206 589 1054 684; baseline -0.001 -27"><span class='ocrx_word' id='word_1_23' title='bbox 206 592 302 658; x_wconf 77' lang='lat' dir='ltr'>tionis</span> <span class='ocrx_word' id='word_1_24' title='bbox 329 589 442 656; x_wconf 85' lang='lat' dir='ltr'>IImites</span> <span class='ocrx_word' id='word_1_25' title='bbox 470 591 667 658; x_wconf 68' lang='lat' dir='ltr'>coercendos</span> <span class='ocrx_word' id='word_1_26' title='bbox 695 614 794 684; x_wconf 82' lang='lat' dir='ltr'>atque</span> <span class='ocrx_word' id='word_1_27' title='bbox 823 593 1054 660; x_wconf 78' lang='lat' dir='ltr'>moderandos.</span> 
     </span>
     <span class='ocr_line' id='line_1_7' title="bbox 205 678 1056 772; baseline 0 -26"><span class='ocrx_word' id='word_1_28' title='bbox 205 679 400 769; x_wconf 83' lang='lat' dir='ltr'>Exemplum</span> <span class='ocrx_word' id='word_1_29' title='bbox 423 678 576 746; x_wconf 85' lang='lat' dir='ltr'>ducemus</span> <span class='ocrx_word' id='word_1_30' title='bbox 600 705 639 748; x_wconf 86' lang='lat' dir='ltr'>ex</span> <span class='ocrx_word' id='word_1_31' title='bbox 662 698 738 749; x_wconf 84' lang='lat' dir='ltr'>arte</span> <span class='ocrx_word' id='word_1_32' title='bbox 766 683 946 772; x_wconf 78' lang='lat' dir='ltr'>cogitandi.</span> <span class='ocrx_word' id='word_1_33' title='bbox 963 683 1056 746; x_wconf 85' lang='lat' dir='ltr'>Sunt</span> 
     </span>
     <span class='ocr_line' id='line_1_8' title="bbox 204 768 1056 860; baseline 0.002 -26"><span class='ocrx_word' id='word_1_34' title='bbox 204 770 357 860; x_wconf 82' lang='lat' dir='ltr'>plurimi,</span> <span class='ocrx_word' id='word_1_35' title='bbox 392 769 449 858; x_wconf 86' lang='lat' dir='ltr'>qui</span> <span class='ocrx_word' id='word_1_36' title='bbox 486 768 595 835; x_wconf 87' lang='lat' dir='ltr'>audito</span> <span class='ocrx_word' id='word_1_37' title='bbox 632 771 757 836; x_wconf 83' lang='lat' dir='ltr'>tonitru</span> <span class='ocrx_word' id='word_1_38' title='bbox 794 773 905 839; x_wconf 86' lang='lat' dir='ltr'>misere</span> <span class='ocrx_word' id='word_1_39' title='bbox 927 769 1056 858; x_wconf 86' lang='lat' dir='ltr'>pallent</span> 
     </span>
     <span class='ocr_line' id='line_1_9' title="bbox 205 857 1053 948; baseline 0 -24"><span class='ocrx_word' id='word_1_40' title='bbox 205 858 446 948; x_wconf 81' lang='lat' dir='ltr'>trepidantque.</span> <span class='ocrx_word' id='word_1_41' title='bbox 470 857 571 938; x_wconf 92' lang='lat' dir='ltr'>Quod</span> <span class='ocrx_word' id='word_1_42' title='bbox 594 858 618 922; x_wconf 85' lang='lat' dir='ltr'>si</span> <span class='ocrx_word' id='word_1_43' title='bbox 639 859 693 925; x_wconf 92' lang='lat' dir='ltr'>hic</span> <span class='ocrx_word' id='word_1_44' title='bbox 706 861 787 926; x_wconf 88' lang='lat' dir='ltr'>coeli</span> <span class='ocrx_word' id='word_1_45' title='bbox 813 859 917 948; x_wconf 78' lang='lat' dir='ltr'>fragor</span> <span class='ocrx_word' id='word_1_46' title='bbox 934 861 966 925; x_wconf 91' lang='lat' dir='ltr'>in</span> <span class='ocrx_word' id='word_1_47' title='bbox 982 859 1053 926; x_wconf 90' lang='lat' dir='ltr'>Dei</span> 
     </span>
     <span class='ocr_line' id='line_1_10' title="bbox 205 945 1054 1031; baseline 0.002 -19"><span class='ocrx_word' id='word_1_48' title='bbox 205 949 380 1031; x_wconf 83' lang='lat' dir='ltr'>mortisque</span> <span class='ocrx_word' id='word_1_49' title='bbox 401 945 639 1014; x_wconf 82' lang='lat' dir='ltr'>meditationem</span> <span class='ocrx_word' id='word_1_50' title='bbox 660 950 774 1029; x_wconf 85' lang='lat' dir='ltr'>ducit,</span> <span class='ocrx_word' id='word_1_51' title='bbox 798 949 879 1017; x_wconf 89' lang='lat' dir='ltr'>bene</span> <span class='ocrx_word' id='word_1_52' title='bbox 895 966 967 1026; x_wconf 86' lang='lat' dir='ltr'>est,</span> <span class='ocrx_word' id='word_1_53' title='bbox 987 971 1054 1014; x_wconf 87' lang='lat' dir='ltr'>ue·</span> 
     </span>
     <span class='ocr_line' id='line_1_11' title="bbox 202 1036 1049 1126; baseline -0.007 -20"><span class='ocrx_word' id='word_1_54' title='bbox 202 1059 268 1126; x_wconf 90' lang='lat' dir='ltr'>que</span> <span class='ocrx_word' id='word_1_55' title='bbox 283 1038 367 1105; x_wconf 87' lang='lat' dir='ltr'>enim</span> <span class='ocrx_word' id='word_1_56' title='bbox 389 1036 483 1101; x_wconf 86' lang='lat' dir='ltr'>initis</span> <span class='ocrx_word' id='word_1_57' title='bbox 499 1037 685 1103; x_wconf 77' lang='lat' dir='ltr'>meditandis</span> <span class='ocrx_word' id='word_1_58' title='bbox 701 1039 786 1103; x_wconf 90' lang='lat' dir='ltr'>nimii</span> <span class='ocrx_word' id='word_1_59' title='bbox 808 1060 878 1105; x_wconf 83' lang='lat' dir='ltr'>esse</span> <span class='ocrx_word' id='word_1_60' title='bbox 895 1053 1049 1126; x_wconf 66' lang='lat' dir='ltr'>possuntg</span> 
     </span>
     <span class='ocr_line' id='line_1_12' title="bbox 203 1124 1056 1214; baseline 0.002 -24"><span class='ocrx_word' id='word_1_61' title='bbox 203 1129 229 1190; x_wconf 84' lang='lat' dir='ltr'>si</span> <span class='ocrx_word' id='word_1_62' title='bbox 254 1149 331 1192; x_wconf 86' lang='lat' dir='ltr'>vero</span> <span class='ocrx_word' id='word_1_63' title='bbox 357 1124 456 1191; x_wconf 87' lang='lat' dir='ltr'>solius</span> <span class='ocrx_word' id='word_1_64' title='bbox 482 1126 593 1190; x_wconf 91' lang='lat' dir='ltr'>mortis</span> <span class='ocrx_word' id='word_1_65' title='bbox 618 1124 784 1193; x_wconf 86' lang='lat' dir='ltr'>afulrnine</span> <span class='ocrx_word' id='word_1_66' title='bbox 811 1128 988 1214; x_wconf 81' lang='lat' dir='ltr'>periculum</span> <span class='ocrx_word' id='word_1_67' title='bbox 1013 1127 1056 1192; x_wconf 86' lang='lat' dir='ltr'>il-</span> 
     </span>
     <span class='ocr_line' id='line_1_13' title="bbox 203 1211 1054 1301; baseline -0.004 -21"><span class='ocrx_word' id='word_1_68' title='bbox 203 1213 261 1281; x_wconf 86' lang='lat' dir='ltr'>lud</span> <span class='ocrx_word' id='word_1_69' title='bbox 275 1217 341 1295; x_wconf 88' lang='lat' dir='ltr'>sit,</span> <span class='ocrx_word' id='word_1_70' title='bbox 364 1211 455 1301; x_wconf 88' lang='lat' dir='ltr'>quod</span> <span class='ocrx_word' id='word_1_71' title='bbox 479 1233 534 1280; x_wconf 90' lang='lat' dir='ltr'>eos</span> <span class='ocrx_word' id='word_1_72' title='bbox 560 1232 649 1281; x_wconf 86' lang='lat' dir='ltr'>tanta</span> <span class='ocrx_word' id='word_1_73' title='bbox 678 1215 848 1283; x_wconf 87' lang='lat' dir='ltr'>formidine</span> <span class='ocrx_word' id='word_1_74' title='bbox 873 1215 1054 1294; x_wconf 80' lang='lat' dir='ltr'>exanimat,</span> 
     </span>
     <span class='ocr_line' id='line_1_14' title="bbox 205 1301 1054 1394; baseline -0.001 -24"><span class='ocrx_word' id='word_1_75' title='bbox 205 1324 271 1370; x_wconf 91' lang='lat' dir='ltr'>non</span> <span class='ocrx_word' id='word_1_76' title='bbox 296 1306 354 1369; x_wconf 86' lang='lat' dir='ltr'>erit</span> <span class='ocrx_word' id='word_1_77' title='bbox 375 1301 507 1368; x_wconf 84' lang='lat' dir='ltr'>difficile</span> <span class='ocrx_word' id='word_1_78' title='bbox 531 1304 722 1384; x_wconf 78' lang='lat' dir='ltr'>ostendere,</span> <span class='ocrx_word' id='word_1_79' title='bbox 747 1321 906 1394; x_wconf 83' lang='lat' dir='ltr'>quantum</span> <span class='ocrx_word' id='word_1_80' title='bbox 927 1305 972 1369; x_wconf 93' lang='lat' dir='ltr'>illi</span> <span class='ocrx_word' id='word_1_81' title='bbox 987 1303 1054 1369; x_wconf 90' lang='lat' dir='ltr'>de·</span> 
     </span>
     <span class='ocr_line' id='line_1_15' title="bbox 204 1390 1055 1482; baseline -0.001 -25"><span class='ocrx_word' id='word_1_82' title='bbox 204 1391 334 1480; x_wconf 75' lang='lat' dir='ltr'>sipiani.</span> <span class='ocrx_word' id='word_1_83' title='bbox 351 1391 440 1456; x_wconf 82' lang='lat' dir='ltr'>Nam</span> <span class='ocrx_word' id='word_1_84' title='bbox 456 1390 621 1460; x_wconf 82' lang='lat' dir='ltr'>evicesies</span> <span class='ocrx_word' id='word_1_85' title='bbox 636 1391 958 1482; x_wconf 72' lang='lat' dir='ltr'>centenis-hominum</span> <span class='ocrx_word' id='word_1_86' title='bbox 975 1392 1055 1456; x_wconf 87' lang='lat' dir='ltr'>rnil-</span> 
     </span>
     <span class='ocr_line' id='line_1_16' title="bbox 203 1479 1053 1561; baseline 0 -15"><span class='ocrx_word' id='word_1_87' title='bbox 203 1479 286 1546; x_wconf 88' lang='lat' dir='ltr'>libus</span> <span class='ocrx_word' id='word_1_88' title='bbox 304 1524 316 1561; x_wconf 84' lang='lat'><strong>,</strong></span> <span class='ocrx_word' id='word_1_89' title='bbox 336 1481 471 1546; x_wconf 84' lang='lat' dir='ltr'>multum</span> <span class='ocrx_word' id='word_1_90' title='bbox 486 1497 558 1560; x_wconf 87' lang='lat' dir='ltr'>est,</span> <span class='ocrx_word' id='word_1_91' title='bbox 576 1483 599 1548; x_wconf 85' lang='lat' dir='ltr'>si</span> <span class='ocrx_word' id='word_1_92' title='bbox 626 1483 678 1549; x_wconf 86' lang='lat' dir='ltr'>vel</span> <span class='ocrx_word' id='word_1_93' title='bbox 693 1503 774 1549; x_wconf 86' lang='lat' dir='ltr'>unus</span> <span class='ocrx_word' id='word_1_94' title='bbox 795 1482 838 1549; x_wconf 89' lang='lat' dir='ltr'>de</span> <span class='ocrx_word' id='word_1_95' title='bbox 853 1481 947 1548; x_wconf 90' lang='lat' dir='ltr'>coelo</span> <span class='ocrx_word' id='word_1_96' title='bbox 975 1500 1053 1546; x_wconf 84' lang='lat' dir='ltr'>tac-</span> 
     </span>
     <span class='ocr_line' id='line_1_17' title="bbox 203 1569 1143 1659; baseline 0 -23"><span class='ocrx_word' id='word_1_97' title='bbox 203 1586 259 1637; x_wconf 92' lang='lat' dir='ltr'>tus</span> <span class='ocrx_word' id='word_1_98' title='bbox 284 1570 444 1647; x_wconf 79' lang='lat' dir='ltr'>intereat3</span> <span class='ocrx_word' id='word_1_99' title='bbox 473 1570 570 1636; x_wconf 86' lang='lat' dir='ltr'>immo</span> <span class='ocrx_word' id='word_1_100' title='bbox 598 1569 755 1638; x_wconf 77' lang='lat' dir='ltr'>affirmate</span> <span class='ocrx_word' id='word_1_101' title='bbox 776 1591 944 1659; x_wconf 85' lang='lat' dir='ltr'>possumus</span> <span class='ocrx_word' id='word_1_102' title='bbox 959 1569 1052 1638; x_wconf 85' lang='lat' dir='ltr'>-inter</span> <span class='ocrx_word' id='word_1_103' title='bbox 1142 1611 1143 1636; x_wconf 70' lang='lat'>1</span> 
     </span>
    </p>
   </div>
   <div class='ocr_carea' id='block_1_2' title="bbox 204 1647 1143 1727">
    <p class='ocr_par' dir='ltr' id='par_1_3' title="bbox 204 1647 1143 1727">
     <span class='ocr_line' id='line_1_18' title="bbox 204 1647 1143 1727; baseline 0.001 -1"><span class='ocrx_word' id='word_1_104' title='bbox 204 1679 300 1726; x_wconf 89' lang='lat' dir='ltr'>neces</span> <span class='ocrx_word' id='word_1_105' title='bbox 322 1660 475 1725; x_wconf 89' lang='lat' dir='ltr'>violentas</span> <span class='ocrx_word' id='word_1_106' title='bbox 491 1658 545 1723; x_wconf 77' lang='lat' dir='ltr'>vin</span> <span class='ocrx_word' id='word_1_107' title='bbox 569 1658 667 1725; x_wconf 82' lang='lat' dir='ltr'>ullam</span> <span class='ocrx_word' id='word_1_108' title='bbox 693 1657 824 1727; x_wconf 85' lang='lat' dir='ltr'>fulmine</span> <span class='ocrx_word' id='word_1_109' title='bbox 852 1660 938 1726; x_wconf 80' lang='lat' dir='ltr'>illata</span> <span class='ocrx_word' id='word_1_110' title='bbox 954 1655 1052 1726; x_wconf 85' lang='lat' dir='ltr'>infre·</span> <span class='ocrx_word' id='word_1_111' title='bbox 1142 1647 1143 1672; x_wconf 55' lang='lat'>¹</span> 
     </span>
    </p>
   </div>
   <div class='ocr_carea' id='block_1_3' title="bbox 121 1746 1141 2992">
    <p class='ocr_par' dir='ltr' id='par_1_4' title="bbox 203 1746 1141 2460">
     <span class='ocr_line' id='line_1_19' title="bbox 205 1746 1051 1836; baseline 0.004 -24"><span class='ocrx_word' id='word_1_112' title='bbox 205 1747 419 1836; x_wconf 86' lang='lat' dir='ltr'>quentiorem.</span> <span class='ocrx_word' id='word_1_113' title='bbox 442 1746 554 1825; x_wconf 89' lang='lat' dir='ltr'>Quum</span> <span class='ocrx_word' id='word_1_114' title='bbox 573 1749 680 1836; x_wconf 83' lang='lat' dir='ltr'>itaque</span> <span class='ocrx_word' id='word_1_115' title='bbox 704 1749 799 1815; x_wconf 88' lang='lat' dir='ltr'>timot</span> <span class='ocrx_word' id='word_1_116' title='bbox 825 1750 896 1813; x_wconf 82' lang='lat' dir='ltr'>mali</span> <span class='ocrx_word' id='word_1_117' title='bbox 919 1769 1051 1814; x_wconf 86' lang='lat' dir='ltr'>cresce-</span> 
     </span>
     <span class='ocr_line' id='line_1_20' title="bbox 207 1833 1052 1926; baseline -0.001 -24"><span class='ocrx_word' id='word_1_118' title='bbox 207 1857 242 1902; x_wconf 90' lang='lat' dir='ltr'>re</span> <span class='ocrx_word' id='word_1_119' title='bbox 271 1835 431 1923; x_wconf 84' lang='lat' dir='ltr'>minuique</span> <span class='ocrx_word' id='word_1_120' title='bbox 463 1833 605 1916; x_wconf 85' lang='lat' dir='ltr'>debeat,</span> <span class='ocrx_word' id='word_1_121' title='bbox 633 1854 700 1904; x_wconf 88' lang='lat' dir='ltr'>rum</span> <span class='ocrx_word' id='word_1_122' title='bbox 724 1836 899 1904; x_wconf 83' lang='lat' dir='ltr'>secundum</span> <span class='ocrx_word' id='word_1_123' title='bbox 925 1837 1052 1926; x_wconf 82' lang='lat' dir='ltr'>magni-</span> 
     </span>
     <span class='ocr_line' id='line_1_21' title="bbox 204 1922 1051 2016; baseline 0.002 -28"><span class='ocrx_word' id='word_1_124' title='bbox 204 1922 349 1990; x_wconf 88' lang='lat' dir='ltr'>tudinem</span> <span class='ocrx_word' id='word_1_125' title='bbox 374 1923 475 2003; x_wconf 80' lang='lat' dir='ltr'>mali‚</span> <span class='ocrx_word' id='word_1_126' title='bbox 508 1941 577 1990; x_wconf 89' lang='lat' dir='ltr'>tum</span> <span class='ocrx_word' id='word_1_127' title='bbox 600 1928 694 1992; x_wconf 82' lang='lat' dir='ltr'>etiam</span> <span class='ocrx_word' id='word_1_128' title='bbox 724 1925 899 2003; x_wconf 83' lang='lat' dir='ltr'>secundum</span> <span class='ocrx_word' id='word_1_129' title='bbox 927 1927 1051 2016; x_wconf 86' lang='lat' dir='ltr'>proba·</span> 
     </span>
     <span class='ocr_line' id='line_1_22' title="bbox 203 2009 1050 2103; baseline 0.001 -26"><span class='ocrx_word' id='word_1_130' title='bbox 203 2009 364 2080; x_wconf 83' lang='lat' dir='ltr'>bilitatem</span> <span class='ocrx_word' id='word_1_131' title='bbox 377 2012 618 2093; x_wconf 80' lang='lat' dir='ltr'>futuritiont‘s,</span> <span class='ocrx_word' id='word_1_132' title='bbox 644 2034 679 2081; x_wconf 91' lang='lat' dir='ltr'>ut</span> <span class='ocrx_word' id='word_1_133' title='bbox 703 2015 747 2080; x_wconf 84' lang='lat' dir='ltr'>ita</span> <span class='ocrx_word' id='word_1_134' title='bbox 774 2015 906 2092; x_wconf 86' lang='lat' dir='ltr'>dicam;</span> <span class='ocrx_word' id='word_1_135' title='bbox 937 2035 1050 2103; x_wconf 89' lang='lat' dir='ltr'>quem·</span> 
     </span>
     <span class='ocr_line' id='line_1_23' title="bbox 205 2098 1049 2196; baseline 0 -28"><span class='ocrx_word' id='word_1_136' title='bbox 205 2101 381 2168; x_wconf 75' lang='lat' dir='ltr'>admodum</span> <span class='ocrx_word' id='word_1_137' title='bbox 404 2098 525 2170; x_wconf 87' lang='lat' dir='ltr'>fulmen</span> <span class='ocrx_word' id='word_1_138' title='bbox 550 2104 630 2169; x_wconf 83' lang='lat' dir='ltr'>inter</span> <span class='ocrx_word' id='word_1_139' title='bbox 655 2098 766 2170; x_wconf 82' lang='lat' dir='ltr'>ca&#39;usas</span> <span class='ocrx_word' id='word_1_140' title='bbox 795 2105 906 2196; x_wconf 82' lang='lat' dir='ltr'>mortis</span> <span class='ocrx_word' id='word_1_141' title='bbox 931 2103 1049 2169; x_wconf 84' lang='lat' dir='ltr'>rarissi-</span> 
     </span>
     <span class='ocr_line' id='line_1_24' title="bbox 207 2191 1141 2280; baseline 0 -24"><span class='ocrx_word' id='word_1_142' title='bbox 207 2210 322 2271; x_wconf 88' lang='lat' dir='ltr'>mum,</span> <span class='ocrx_word' id='word_1_143' title='bbox 344 2192 390 2258; x_wconf 82' lang='lat' dir='ltr'>ita</span> <span class='ocrx_word' id='word_1_144' title='bbox 416 2192 557 2256; x_wconf 80' lang='lat' dir='ltr'>bmnium</span> <span class='ocrx_word' id='word_1_145' title='bbox 587 2194 713 2259; x_wconf 88' lang='lat' dir='ltr'>minime</span> <span class='ocrx_word' id='word_1_146' title='bbox 729 2191 905 2258; x_wconf 88' lang='lat' dir='ltr'>timendum</span> <span class='ocrx_word' id='word_1_147' title='bbox 922 2217 931 2256; x_wconf 84' lang='lat' dir='ltr'>s</span> <span class='ocrx_word' id='word_1_148' title='bbox 948 2213 1049 2280; x_wconf 89' lang='lat' dir='ltr'>quum</span> <span class='ocrx_word' id='word_1_149' title='bbox 1140 2265 1141 2270; x_wconf 8' lang='grc' dir='ltr'>ἵ</span> 
     </span>
     <span class='ocr_line' id='line_1_25' title="bbox 206 2279 1141 2370; baseline -0.004 -26"><span class='ocrx_word' id='word_1_150' title='bbox 206 2279 338 2369; x_wconf 85' lang='lat' dir='ltr'>insuper</span> <span class='ocrx_word' id='word_1_151' title='bbox 363 2281 458 2346; x_wconf 89' lang='lat' dir='ltr'>timor</span> <span class='ocrx_word' id='word_1_152' title='bbox 479 2280 532 2346; x_wconf 92' lang='lat' dir='ltr'>ille</span> <span class='ocrx_word' id='word_1_153' title='bbox 559 2279 639 2345; x_wconf 84' lang='lat' dir='ltr'>nihil</span> <span class='ocrx_word' id='word_1_154' title='bbox 665 2281 757 2370; x_wconf 82' lang='lat' dir='ltr'>plane</span> <span class='ocrx_word' id='word_1_155' title='bbox 772 2279 916 2348; x_wconf 76' lang='lat' dir='ltr'>conserat</span> <span class='ocrx_word' id='word_1_156' title='bbox 933 2281 975 2347; x_wconf 87' lang='lat' dir='ltr'>ad</span> <span class='ocrx_word' id='word_1_157' title='bbox 991 2301 1048 2347; x_wconf 86' lang='lat' dir='ltr'>nos</span> <span class='ocrx_word' id='word_1_158' title='bbox 1140 2329 1141 2340; x_wconf 70' lang='grc'>,</span> 
     </span>
     <span class='ocr_line' id='line_1_26' title="bbox 207 2368 611 2460; baseline -0.01 -24"><span class='ocrx_word' id='word_1_159' title='bbox 207 2391 228 2436; x_wconf 85' lang='lat' dir='ltr'>tt</span> <span class='ocrx_word' id='word_1_160' title='bbox 256 2370 400 2460; x_wconf 88' lang='lat' dir='ltr'>periculo</span> <span class='ocrx_word' id='word_1_161' title='bbox 420 2368 611 2436; x_wconf 85' lang='lat' dir='ltr'>liberandos.</span> 
     </span>
    </p>

    <p class='ocr_par' dir='ltr' id='par_1_5' title="bbox 121 2456 1051 2992">
     <span class='ocr_line' id='line_1_27' title="bbox 274 2456 1051 2544; baseline -0.003 -20"><span class='ocrx_word' id='word_1_162' title='bbox 274 2458 323 2524; x_wconf 84' lang='lat' dir='ltr'>Ea</span> <span class='ocrx_word' id='word_1_163' title='bbox 346 2473 395 2524; x_wconf 84' lang='lat' dir='ltr'>est</span> <span class='ocrx_word' id='word_1_164' title='bbox 421 2456 580 2522; x_wconf 89' lang='lat' dir='ltr'>bonorum</span> <span class='ocrx_word' id='word_1_165' title='bbox 595 2457 759 2523; x_wconf 88' lang='lat' dir='ltr'>finitorum</span> <span class='ocrx_word' id='word_1_166' title='bbox 773 2476 908 2535; x_wconf 81' lang='lat' dir='ltr'>natura,</span> <span class='ocrx_word' id='word_1_167' title='bbox 923 2473 959 2522; x_wconf 90' lang='lat' dir='ltr'>ut</span> <span class='ocrx_word' id='word_1_168' title='bbox 975 2477 1051 2544; x_wconf 86' lang='lat' dir='ltr'>pos·</span> 
     </span>
     <span class='ocr_line' id='line_1_28' title="bbox 210 2545 1050 2636; baseline 0 -24"><span class='ocrx_word' id='word_1_169' title='bbox 210 2545 275 2612; x_wconf 82' lang='lat' dir='ltr'>sint</span> <span class='ocrx_word' id='word_1_170' title='bbox 298 2548 507 2632; x_wconf 81' lang='lat' dir='ltr'>quantuvas</span> <span class='ocrx_word' id='word_1_171' title='bbox 526 2568 640 2632; x_wconf 85' lang='lat' dir='ltr'>magna</span> <span class='ocrx_word' id='word_1_172' title='bbox 661 2549 802 2636; x_wconf 85' lang='lat' dir='ltr'>superari</span> <span class='ocrx_word' id='word_1_173' title='bbox 817 2571 835 2613; x_wconf 80' lang='lat' dir='ltr'>a</span> <span class='ocrx_word' id='word_1_174' title='bbox 853 2549 1009 2623; x_wconf 86' lang='lat' dir='ltr'>minimis,</span> <span class='ocrx_word' id='word_1_175' title='bbox 1026 2547 1050 2612; x_wconf 85' lang='lat' dir='ltr'>si</span> 
     </span>
     <span class='ocr_line' id='line_1_29' title="bbox 121 2631 1049 2723; baseline -0.002 -21"><span class='ocrx_word' id='word_1_176' title='bbox 121 2678 124 2683; x_wconf 93' lang='lat'><em>·</em></span> <span class='ocrx_word' id='word_1_177' title='bbox 208 2634 311 2713; x_wconf 78' lang='lat' dir='ltr'>laec,</span> <span class='ocrx_word' id='word_1_178' title='bbox 339 2651 496 2723; x_wconf 87' lang='lat' dir='ltr'>quantum</span> <span class='ocrx_word' id='word_1_179' title='bbox 525 2631 660 2700; x_wconf 81' lang='lat' dir='ltr'>sufficiat</span> <span class='ocrx_word' id='word_1_180' title='bbox 671 2682 683 2713; x_wconf 87' lang='lat'><em>,</em></span> <span class='ocrx_word' id='word_1_181' title='bbox 711 2636 961 2722; x_wconf 84' lang='lat' dir='ltr'>multiplicentur</span> <span class='ocrx_word' id='word_1_182' title='bbox 976 2681 986 2715; x_wconf 89' lang='lat'><strong>,</strong></span> <span class='ocrx_word' id='word_1_183' title='bbox 999 2635 1049 2702; x_wconf 86' lang='lat' dir='ltr'>vel</span> 
     </span>
     <span class='ocr_line' id='line_1_30' title="bbox 211 2721 1048 2812; baseline 0.002 -24"><span class='ocrx_word' id='word_1_184' title='bbox 211 2724 234 2789; x_wconf 89' lang='lat' dir='ltr'>si</span> <span class='ocrx_word' id='word_1_185' title='bbox 259 2743 356 2809; x_wconf 77' lang='lat' dir='ltr'>parva</span> <span class='ocrx_word' id='word_1_186' title='bbox 372 2721 450 2790; x_wconf 79' lang='lat' dir='ltr'>haec</span> <span class='ocrx_word' id='word_1_187' title='bbox 477 2741 608 2790; x_wconf 84' lang='lat' dir='ltr'>aventus</span> <span class='ocrx_word' id='word_1_188' title='bbox 632 2721 911 2790; x_wconf 87' lang='lat' dir='ltr'>verisimilitudine</span> <span class='ocrx_word' id='word_1_189' title='bbox 937 2743 1048 2812; x_wconf 75' lang='lat' dir='ltr'>magns</span> 
     </span>
     <span class='ocr_line' id='line_1_31' title="bbox 139 2810 1049 2901; baseline 0 -21"><span class='ocrx_word' id='word_1_190' title='bbox 139 2877 140 2880; x_wconf 74' lang='grc'>,</span> <span class='ocrx_word' id='word_1_191' title='bbox 211 2811 308 2901; x_wconf 83' lang='lat' dir='ltr'>magis</span> <span class='ocrx_word' id='word_1_192' title='bbox 336 2829 521 2898; x_wconf 85' lang='lat' dir='ltr'>superent,</span> <span class='ocrx_word' id='word_1_193' title='bbox 547 2831 643 2898; x_wconf 84' lang='lat' dir='ltr'>quarn</span> <span class='ocrx_word' id='word_1_194' title='bbox 676 2810 716 2876; x_wconf 89' lang='lat' dir='ltr'>ab</span> <span class='ocrx_word' id='word_1_195' title='bbox 744 2813 802 2876; x_wconf 88' lang='lat' dir='ltr'>illis</span> <span class='ocrx_word' id='word_1_196' title='bbox 829 2811 1049 2901; x_wconf 82' lang='lat' dir='ltr'>magnitudine</span> 
     </span>
     <span class='ocr_line' id='line_1_32' title="bbox 209 2900 1049 2992; baseline -0.005 -23"><span class='ocrx_word' id='word_1_197' title='bbox 209 2917 411 2992; x_wconf 83' lang='lat' dir='ltr'>superantur.</span> <span class='ocrx_word' id='word_1_198' title='bbox 438 2900 610 2967; x_wconf 89' lang='lat' dir='ltr'>Minimum</span> <span class='ocrx_word' id='word_1_199' title='bbox 639 2900 761 2991; x_wconf 85' lang='lat' dir='ltr'>quippe</span> <span class='ocrx_word' id='word_1_200' title='bbox 789 2900 915 2968; x_wconf 88' lang='lat' dir='ltr'>luctum</span> <span class='ocrx_word' id='word_1_201' title='bbox 942 2915 1049 2987; x_wconf 89' lang='lat' dir='ltr'>potest</span> 
     </span>
    </p>
   </div>
   <div class='ocr_carea' id='block_1_4' title="bbox 0 0 1154 3418">
    <p class='ocr_par' dir='ltr' id='par_1_6' title="bbox 0 0 1154 3418">
     <span class='ocr_line' id='line_1_33' title="bbox 0 0 1154 3418; baseline 0 0"><span class='ocrx_word' id='word_1_202' title='bbox 0 0 1154 3418; x_wconf 95' lang='lat' dir='ltr'> </span> 
     </span>
    </p>
   </div>
  </div>
 </body>
</html>
