2326 3438
266 171 352 218 nans
381 173 411 216 1.
434 169 595 216 uenatu.
617 165 695 216 ont.
719 169 751 216 t.
884 169 922 240 13

87 244 327 337 propositiones
349 240 537 330 singulares,
556 259 638 326 quae
660 257 766 326 parom
782 257 854 303 cum
869 235 926 326 lp-

87 339 131 408 sis
148 330 409 400 universalissimis
431 327 639 393 axiomatibus
658 325 834 394 evidentiae
851 347 926 416 gra-

90 423 170 488 dum
189 419 318 490 babent.
341 415 393 483 lta
413 416 593 506 propositio
611 413 705 482 haec:
722 417 754 481 εἰ
766 418 928 482 unitatem

92 533 136 583 ea
151 512 277 578 binario
289 505 426 588 aufers,
441 522 586 572 remanet
601 510 733 584 anuas,
746 525 810 568 non
826 507 928 573 minus

92 597 219 666 evidens
242 614 312 675 est,
343 615 437 680 quam
466 593 642 682 propositio
668 592 927 662 universalissima

90 691 124 754 εἰ
142 710 186 753 ex
208 681 404 775 aequalibus
426 679 585 770 aequalia
606 681 743 760 demas,
765 705 850 772 quae
877 706 930 750 re·

90 792 225 842 manent
249 787 357 840 erunt.
382 769 550 861 aequalia.
579 770 687 850 Quum
710 773 800 858 igitur
821 774 930 862 cogni·

93 865 139 928 tio
167 862 313 928 intuitiva
337 881 375 926 cx
403 859 561 950 principio
586 859 845 925 contradictionis
869 885 931 930 ne-

93 954 231 1018 cessario
251 972 316 1018 non
340 948 497 1037 pendeam
522 946 649 1014 evidens
673 965 719 1014 est
733 950 845 1028 etiam,
865 971 929 1019 tres
954 955 957 964 ’

95 1041 177 1106 alias
199 1037 528 1127 cognitionisspecies
550 1059 590 1102 ex
611 1035 672 1100 hoc
695 1036 850 1122 principio
866 1035 931 1108 non

99 1126 244 1216 pendete
265 1127 459 1204 necessario,
481 1146 578 1212 quum
602 1148 641 1192 ex
668 1125 731 1190 aliis
756 1127 931 1214 principiis,

101 1238 207 1304 aeque
239 1215 328 1282 certis
363 1213 479 1280 hauriri
510 1212 644 1302 possint.
675 1213 784 1306 Ergo,
813 1216 933 1306 inquiet

100 1304 236 1390 aliquis,
264 1303 351 1369 nulla
377 1323 422 1368 est
445 1303 586 1390 principii
613 1301 703 1368 huius
728 1304 857 1371 utilitas.
884 1307 933 1376 En

98 1411 210 1460 totum
231 1392 322 1458 huius
346 1390 490 1477 principii
516 1413 632 1470 usums
655 1411 787 1477 nempe,
809 1398 933 1462 consti-

100 1499 194 1548 tuere
221 1482 308 1546 iuvat
335 1479 515 1546 universalia
541 1480 694 1568 quaedam
721 1481 872 1570 principia
900 1503 933 1552 et

100 1568 141 1634 ab
167 1569 316 1636 omnibus
338 1588 491 1654 -tecepta,
515 1567 660 1656 adquae
684 1568 811 1635 tandem
836 1572 934 1661 redigi

101 1657 222 1725 debent
234 1658 412 1748 pertinaces
424 1655 563 1724 veritatis
575 1679 664 1746 oppu
689 1673 830 1736 natones,
845 1660 886 1724 ita
898 1677 934 1726 ut

102 1747 226 1812 nullum
251 1750 323 1836 ipsis
348 1763 455 1832 pateat
480 1744 639 1835 effugium.
704 1767 759 1810 aec
784 1749 935 1836 principia

106 1836 292 1902 universalia
307 1837 337 1898 in
354 1834 446 1900 rebus
460 1833 644 1924 theologicis
662 1834 780 1902 utiliter
796 1835 937 1904 adhiberi

104 1943 264 2012 possunt,
287 1941 323 1987 ut
348 1921 499 1988 obstinati
521 1923 711 2014 litigiosique
732 1923 873 1993 homines
894 1919 937 1996 ad

106 2011 265 2078 silentium
286 2011 462 2099 adigantur.
483 2011 591 2077 Nemo
610 2032 713 2080 tamen
732 2015 864 2097 diteris,
888 2037 938 2082 sa·

105 2122 192 2166 cram
224 2099 437 2189 theologiam,
470 2121 551 2187 quae
580 2104 610 2165 in
646 2103 836 2172 revelatione
867 2123 937 2172 tota

105 2187 283 2268 fundatur,
315 2211 355 2254 ex
387 2186 433 2254 his
466 2189 626 2277 principiis
652 2192 813 2278 pendete,
840 2194 937 2278 iisque

106 2279 246 2345 innixam
274 2299 354 2344 esse.
384 2277 475 2364 Haec
506 2299 581 2366 ergo
609 2278 639 2340 in
666 2277 810 2344 omnibus
840 2281 939 2345 ‹lisci-

108 2367 201 2454 plinis
229 2387 296 2433 esse
322 2367 439 2454 poterit
471 2365 692 2452 principiorum
720 2368 942 2432 universalium

108 2455 339 2531 commoditas,
370 2473 406 2520 ut
429 2475 544 2540 nempe
573 2457 797 2542 pertinaciores
820 2449 876 2520 vili
901 2457 941 2522 ad

108 2545 210 2632 prima
238 2543 391 2631 principia
416 2543 628 2626 reducantur,
654 2563 684 2612 et
710 2545 750 2611 ad
778 2546 941 2612 veritatem
1035 2568 1041 2575 ·

110 2646 277 2721 cogantur.
299 2631 419 2698 Valere
451 2632 544 2697 etiam
568 2652 671 2718 potest
695 2634 820 2700 illorum
848 2635 941 2724 prin2'

109 2721 265 2806 cipiorum
294 2741 368 2784 usus
399 2718 438 2784 ad
462 2720 639 2786 docendam
663 2741 694 2788 et
725 2725 947 2810 explicandam·

111 2807 312 2898 disciplinam
338 2808 486 2893 aliquam.
513 2813 556 2873 At
580 2809 694 2874 nullius
716 2808 779 2878 fere
804 2813 944 2879 utilitatis

115 2919 184 2968 osse
205 2897 356 2988 poterit,
384 2897 425 2962 ad
455 2919 565 2964 uerum
587 2899 808 2966 inveniendum
820 2939 837 2981 ,·
855 2901 946 2990 quod
