2298 3418
211 171 371 256 vrnrts'r.
394 191 663 256 fluctuaremus
681 193 733 242 tv.
863 177 907 272 67

59 265 167 350 habet
182 261 296 352 fines,
325 265 357 330 id
386 266 515 329 omnino
537 263 646 354 nugati
672 281 729 330 est.
759 265 911 340 Ceterum

63 371 159 443 patet
181 357 211 420 in
228 353 496 445 praecedentibus
513 370 688 450 sermunqt
709 375 775 420 esse
791 355 832 422 de
850 379 911 424 eo-

65 463 101 510 te
123 443 247 510 infinito
273 443 383 521 reali,
414 465 479 508 non
505 462 609 508 autem
633 443 673 508 de
694 441 813 507 infinito
835 468 913 513 ma-

66 532 253 600 thematico.
284 533 451 614 Infinitum
476 531 588 612 dicunt
621 529 836 597 mathematici
867 533 912 617 id,

5 623 7 636 '
68 615 158 686 duint
190 623 267 688 nulli
301 621 451 710 assignari
490 637 622 709 possunt
658 619 800 702 limites,
829 621 913 692 ultra

67 731 149 798 quos
172 711 280 803 augeri
305 733 371 776 non
395 707 504 797 possit.
536 707 585 774 Ita
613 709 725 773 lineam
752 711 784 774 in
811 714 913 782 iniisti·
961 769 963 774 Α

66 813 139 866 tutu
153 799 396 890 producendam
412 798 561 865 sumimus
572 815 741 885 tamquam
756 819 810 864 ens
828 845 839 880 ,
863 803 912 870 ei.
995 861 1003 880 ⁴

67 909 135 978 que
159 891 358 956 existentiam
375 904 446 955 non·
459 909 635 978 repugnate
656 886 828 973 ponimusa
864 907 913 958 ta.
1015 913 1021 926 ·

68 977 136 1043 iens
156 978 269 1045 lineam
285 997 436 1044 vocamus
450 975 620 1049 infinitams
644 973 697 1038 Ad
719 977 912 1066 magnitudi-¹

69 1087 146 1130 nem
171 1067 340 1153 quamdam
369 1083 443 1130 actu
468 1065 620 1130 infinitam
645 1063 834 1130 intrinsecus
862 1091 914 1135 te.

71 1173 243 1242 pugnate,
270 1171 301 1220 et
318 1153 604 1222 contradictionem
621 1152 811 1232 involvere,
841 1177 913 1222 ma-

72 1242 225 1308 niiestum
252 1259 309 1310 est.
336 1244 381 1310 Et
412 1243 541 1332 quidem
573 1262 721 1308 numerus
745 1246 845 1308 omnis
875 1269 912 1312 ac
972 1254 976 1261 '

71 1330 520 1418 multitudosquaecumque
544 1330 598 1398 illa
625 1328 745 1408 fuerit,
771 1353 810 1396 ex
835 1335 912 1400 nni.

72 1417 192 1486 tatibus
219 1420 516 1486 simulconiunctis
544 1435 575 1485 et
605 1417 819 1505 multiplicatis
851 1445 912 1490 ex-

74 1510 198 1574 utitur:
228 1529 376 1576 numerus
407 1527 512 1574 autem
542 1527 578 1573 ac
608 1505 780 1584 multitudo
808 1529 912 1594 quae-

73 1595 151 1662 libet
174 1598 264 1680 nobis
286 1597 459 1664 unitatibus
479 1598 585 1684 augeri
606 1617 705 1682 posse,
720 1599 915 1687 concipitur,

72 1701 107 1751 ct
126 1685 212 1752 nulla
236 1707 365 1778 prorsus
386 1687 560 1753 multitudo
583 1683 688 1776 effingi
711 1701 842 1772 potest,
864 1691 918 1754 cui

75 1792 225 1840 numerus
243 1775 345 1854 alins,
374 1777 510 1842 unitates
528 1772 632 1854 aliae,
661 1790 717 1840 aut
743 1773 804 1838 alia
829 1779 918 1844 mul·-

76 1861 185 1927 titudo
201 1864 334 1952 'adiu-ogi
361 1885 425 1930 non
452 1865 599 1951 possint,
630 1883 667 1926 ac
693 1861 828 1949 proinde
850 1889 917 1932 nu-

22 2029 25 2034 .
76 1971 183 2018 metus
200 1953 271 2042 ipse
283 1951 501 2018 additionibus
519 1949 719 2040 possibilibus
732 1971 841 2020 catere
852 1976 918 2022 non

77 2043 221 2128 poterit,
245 2063 303 2108 nec
320 2041 455 2130 proinde
471 2042 529 2107 erit
543 2063 617 2106 vere
632 2038 781 2104 infinitus.
804 2040 920 2120 Quae-

63 2149 218 2216 cumque
234 2150 311 2196 vero
322 2161 325 2166 ·
336 2131 376 2196 de
387 2149 532 2196 onmem
551 2145 607 2195 aut
630 2125 832 2196 multitudine
846 2132 920 2202 dic.

76 2235 111 2282 ta
138 2235 241 2298 sunta
269 2219 309 2286 de
337 2218 399 2284 alio
433 2215 589 2307 quolibet
606 2213 829 2303 magnitudinis
858 2234 921 2307 gc..

77 2327 154 2372 nete
179 2305 314 2398 intelligi
331 2305 442 2374 'facile
459 2322 602 2393 possunt.
631 2301 786 2382 Quamvis
812 2317 921 2375 autem
997 2375 998 2378 ,

78 2393 274 2480 impossibiie
303 2397 342 2460 sit
365 2396 524 2464 infinitum·
544 2392 801 2478 mathematicum
826 2395 924 2462 aist-

78 2479 187 2548 turum
204 2485 334 2570 ‚squod
357 2485 473 2549 scilicet
501 2484 583 2548 uitta
611 2481 704 2548 datos
733 2480 923 2552 limitesau'-

79 2576 146 2660 geri
173 2593 236 2637 non
258 2575 385 2662 possit,
415 2571 524 2639 existit
550 2588 655 2636 tamen
673 2570 826 2634 infinitum
850 2575 923 2642 ma-

78 2660 505 2731 thematicumrelata'vum.
536 2659 664 2746 Nempe
697 2659 730 2722 in
759 2663 930 2749 magona-‘²

80 2749 316 2838 dinerquaiibet
332 2751 419 2816 finita
434 2749 559 2836 concipi
577 2761 710 2836 possunt
728 2749 837 2834 partes
862 2763 933 2816 tiu·
991 2741 1001 2774 ³

82 2858 173 2906 meto
198 2839 346 2906 infinitae.
374 2837 435 2904 Sed
461 2838 613 2902 infinitum
639 2833 718 2900 iliud
743 2835 925 2904 mathema-

58 2927 181 3008 ‘ticum
208 2927 249 2992 ad
276 2925 532 3016 metaphysicam
555 2947 620 3000 oon
642 2924 805 3017 pertinet·

547 3015 627 3075 Aac
