2258 3428
217 159 284 244 15'2
369 159 392 194 ·’
463 171 811 223 tusrrrvr.rrtrsos.
852 187 859 198 ·

208 269 274 338 qna
299 241 516 334 praedicatum
543 265 607 309 non
635 247 789 337 competit
816 242 944 334 singuiis
972 239 1058 310 infess

206 337 351 402 rioribus.
374 332 411 398 Ε.
436 353 466 422 g.
491 334 668 422 propositio
689 333 768 401 haec
788 331 970 400 universalis
988 349 1054 399 estr

204 429 240 492 ἐκ
264 424 354 490 omui
378 419 547 510 triangulo
576 438 653 488 sunt
682 439 752 488 tres
776 421 914 510 anguli,
943 443 1055 508 quum

152 527 156 534 '
204 512 247 578 ad
271 510 352 576 hanc
379 510 486 576 reduci
507 512 630 599 possit:
654 533 743 578 omne
764 509 969 600 triangulum
992 509 1059 575 lra-

203 602 260 668 bet
288 613 358 665 tres
386 597 535 689 angulos.
564 598 629 665 Ista
654 623 757 668 vero:
785 603 819 665 r'rr
848 595 1056 690 quibusdam

204 688 384 756 homiuibus
409 702 461 753 ert
488 691 626 755 scientia
653 693 725 755 sine
750 691 905 777 pietate,
942 686 1055 774 parti-

206 777 321 842 cularis
345 791 418 853 est,
440 775 496 866 qui
521 777 562 843 ad
576 775 657 843 hanc
672 795 781 866 potest
794 775 934 843 revocari
948 799 956 839 r
974 779 1055 864 qui·

203 863 285 933 dum
310 863 452 932 domitur
475 865 595 931 habent
621 870 792 943 scientiam
816 869 886 931 siue
906 866 1055 952 pietate.

249 953 303 1023 V·
349 955 461 1020 Omnis
486 954 669 1042 propositio
690 955 742 1022 vel
765 971 813 1020 est
829 953 1054 1020 universaliter

206 1038 386 1122 affirmans,
413 1042 464 1108 vei
489 1044 704 1110 universaliter
728 1063 866 1132 negans,
894 1042 946 1107 vel
977 1061 1053 1128 par·

203 1131 377 1197 ticulariter
396 1125 576 1210 affirmans,
604 1134 655 1196 rei
672 1129 902 1221 particulariter
917 1151 1057 1219 negans.

205 1218 252 1287 Et
278 1219 409 1306 quidem
436 1220 535 1284 omnis
562 1221 742 1309 propositio
764 1236 812 1286 est
833 1219 958 1298 oratio,
985 1241 1058 1308 qua

205 1306 441 1394 significamus,
477 1307 556 1397 quid
589 1310 632 1374 rei
668 1307 758 1374 alicui
794 1308 963 1374 conveniat
998 1311 1060 1375 vei

154 1457 158 1469 ,
204 1399 272 1461 tion
298 1397 489 1473 conveniat,
517 1414 549 1462 et
575 1419 640 1484 qua
669 1395 804 1485 proinde
831 1394 1059 1483 praedicatum

205 1483 248 1550 de
275 1483 420 1550 subiecto
445 1481 637 1551 affirmamus
658 1487 710 1552 vel
739 1505 900 1574 negamus.
924 1481 964 1550 In
991 1489 1061 1573 pri·

205 1593 261 1638 mo
279 1593 356 1638 casu
379 1574 559 1662 propositio
584 1591 632 1639 est
652 1571 858 1653 affirmativa,
888 1573 921 1636 in
943 1572 1059 1642 altero

204 1665 363 1750 negativa.
393 1663 493 1726 Porro
513 1664 615 1727 omnis
642 1661 823 1753 propositio
847 1661 898 1726 vei
923 1663 1061 1730 univer·

205 1753 279 1816 salis
300 1768 348 1816 est
360 1793 371 1828 ‚
384 1749 436 1814 vel
451 1749 669 1837 particularis,
685 1752 735 1816 vel
752 1751 932 1838 singularis,
948 1769 1060 1838 prout

204 1837 380 1904 subiectum
417 1857 464 1903 est
501 1838 667 1924 quoddam
702 1840 899 1916 universale,
946 1861 1062 1928 genus

205 1947 321 2015 nempe
350 1925 401 1990 vel
428 1925 570 2015 species,
599 1927 690 2016 qnod
715 1928 933 2016 universaliter
960 1931 1064 1996 acci·

203 2014 292 2104 pirur
315 2014 639 2101 vel'particulariter3
659 2016 711 2084 vei
725 2016 854 2083 tandem
868 2013 1065 2088 subiectum

203 2121 254 2172 cst
293 2102 426 2191 aliquod
460 2103 657 2170 individuum
694 2105 953 2171 determinatum.
989 2109 1064 2177 Sed

203 2191 389 2281 propositio
400 2192 561 2281 singularis
579 2189 637 2257 sub
653 2193 820 2260 universali
837 2195 889 2259 vei
904 2190 963 2258 sub
976 2189 1067 2281 par.

198 2281 325 2347 ‘ticulari
356 2279 650 2368 comprehenditur.
689 2282 790 2361 Quod
819 2281 947 2368 quidem
975 2288 1065 2351 evi.

203 2369 282 2437 dens
307 2386 381 2449 est,
402 2390 500 2455 quum
522 2371 705 2459 propositio
724 2369 885 2458 quaelibet
909 2372 1066 2460 singula.

202 2463 250 2526 ris'
268 2457 309 2524 ad
339 2457 568 2538 universalem,
590 2460 640 2526 vel
658 2462 879 2547 particularem
899 2465 1064 2532 revocari

203 2545 319 2640 possit.
344 2543 445 2622 Quod
467 2546 595 2633 quidem
615 2547 762 2635 exemplo
784 2547 873 2614 facile
896 2548 1063 2642 intelligi·

203 2638 298 2725 gitur.
324 2632 451 2698 Auctor
470 2637 684 2722 pentateuchi
705 2651 757 2702 cst
786 2635 960 2724 legislator
993 2645 1063 2708 iu..

204 2725 372 2789 dacorum.
409 2717 475 2786 Ista
511 2724 690 2811 propositio
720 2726 763 2791 sic
787 2725 889 2792 efferri
922 2743 1060 2814 potest:

201 2814 463 2901 ‘quicumquecrt
486 2826 601 2883 auctor
622 2813 854 2898 pentateuchi,
869 2811 1061 2886 itheriam

203 2914 253 2966 ert
273 2895 444 2988 legislator
467 2895 680 2987 iudaeorum,
704 2923 743 2970 ac
763 2901 903 2992 proinde
917 2901 959 2967 ad
975 2902 1063 2974 for·
