2326 3438
240 123 258 168 ²
345 130 961 318 nnninnastnnn

478 479 618 572 Pana
647 399 828 572 ananan

374 731 521 828 sinn
554 674 932 829 onan-nonen

169 1015 172 1020 ·
241 913 446 1088 Ontologe'a
480 1016 549 1068 esta
586 999 725 1064 scientia
755 1003 842 1067 entis
872 1001 907 1064 t'n
933 1017 1069 1087 genere,

214 1092 399 1173 “quatenns
421 1103 471 1154 est
493 1105 560 1155 ens.
588 1082 713 1152 Dicitur
743 1091 834 1154 etiam
859 1080 1068 1178 philosophia

231 1177 367 1260 prima,
397 1178 471 1262 qnia
490 1179 596 1266 prima
623 1174 773 1266 principia
792 1175 983 1264 »primasque
1012 1199 1068 1242 ra-

238 1260 339 1328 tiones
363 1266 480 1343 tradit,-
503 1282 584 1352 quae
607 1263 636 1328 in
661 1264 877 1329 ratiocinando
899 1283 989 1330 usum
1010 1265 1071 1331 ha·

236 1346 323 1416 bent.
347 1351 430 1431 Quia
458 1367 564 1418 autent
590 1354 753 1441 ontologia
780 1365 826 1420 est
853 1353 978 1419 scientia
1002 1345 1070 1419 eit-

237 1437 277 1500 ‘tis
291 1441 321 1502 in
337 1460 467 1530 genere,
487 1461 526 1509 ex
542 1443 688 1507 scientiae
704 1438 890 1507 definitione
906 1453 1008 1530 patet,
1027 1463 1069 1508 ea

238 1525 482 1596 demonstranda
507 1547 572 1596 esse
579 1573 592 1610 ,
614 1532 741 1618 quaein
764 1525 928 1620 ontoiogia
944 1547 1070 1615 propo-

236 1617 268 1678 ni
298 1618 426 1686 debent.
449 1618 566 1684 Stetiiis
595 1615 871 1706 fuitaxptensqm
895 1617 1069 1683 scholasti-

143 1710 152 1725 *
237 1705 281 1770 cis
297 1725 450 1792 usurpata
465 1707 558 1772 huius
572 1702 720 1772 scientiae
734 1707 918 1773 tractandae
935 1705 1066 1772 metho-

236 1795 308 1860 dus.
332 1792 457 1859 Etenim
479 1795 519 1858 ad
543 1794 684 1860 methodi
706 1795 973 1862 demonstrativae
998 1793 1070 1862 for-

238 1902 318 1945 mam
336 1901 400 1946 non
421 1883 492 1946 satis
516 1883 735 1963 attendentes,
759 1881 907 1948 confusas
930 1898 1069 1964 tantum,

234 1971 452 2056 obscurasque
466 1973 608 2036 notiones
631 1972 683 2036 reli
709 1990 833 2038 uettt'nt.
851 1975 896 2036 At
913 1995 1012 2060 quum
1037 1975 1068 2037 in

236 2061 401 2148 ontoiogia
425 2056 628 2126 demonstrati
652 1996 789 2128 dcimam·
816 2083 873 2141 ea,
901 2083 984 2148 quae
1005 2084 1069 2127 en-

239 2148 322 2214 tibos
354 2147 497 2213 omnibus
529 2151 594 2216 sive
617 2146 789 2228 absolute,
816 2150 881 2215 sive
908 2149 968 2214 sub
994 2151 1070 2218 data

219 2270 222 2277 ·
237 2239 373 2328 quadam
390 2237 574 2304 conditione
589 2239 803 2321 conveniunt,
821 2239 862 2303 ad
877 2237 953 2303 aiias
972 2238 1071 2308 scien·

238 2331 293 2392 tias
317 2327 513 2392 utilissimum
537 2347 602 2392 esse
628 2328 809 2416 ontoio‘giae
833 2326 994 2406 studium,
1017 2324 1071 2392 fa·

186 2464 189 2469 ⁷
236 2418 296 2481 ciie
319 2434 420 2503 patet.
442 2415 567 2480 Etenim
588 2415 781 2480 definitiones
806 2438 843 2480 ae
866 2415 1070 2502 propositio-

238 2527 292 2571 nes
315 2503 515 2590 ontoiogicae
536 2502 577 2568 ad
599 2507 680 2568 entia
709 2525 928 2590 quaecumque
952 2504 984 2567 in
1005 2504 1071 2568 da·

238 2612 272 2656 to
290 2592 435 2680 quolibet
449 2613 523 2655 casu
538 2590 698 2658 transferri
719 2611 873 2679 possunt,
898 2611 935 2656 ac
956 2594 1071 2681 proin-

211 2747 212 2752 ,
239 2681 279 2746 de
304 2683 327 2744 si
351 2680 549 2748 definitiones
574 2680 637 2744 sint
660 2699 823 2745 accuratae
854 2699 885 2745 et
913 2681 1073 2768 proposi-

239 2770 339 2870 tiones
355 2768 436 2832 elate
457 2767 705 2849 determinatae,
728 2767 907 2858 ontologiae
927 2789 999 2834 usus
1020 2786 1074 2836 est

238 2876 404 2922 maximus.
494 2919 498 2926 ,,
