2298 3418
268 175 353 224 unna
372 175 402 220 1.
425 173 583 222 uernum
607 173 683 224 ono.
705 175 751 225 ιι.
883 167 933 236 41·

89 243 210 322 labile.
229 244 320 318 Hinc
342 244 463 332 liquet,
486 244 689 328 quandonam
710 241 829 335 aliquid
850 265 926 310 actu

1 355 2 362 ¹
90 351 243 410 mutetur.
254 335 380 426 Nempe
394 334 467 412 dum
483 357 546 399 non
563 337 814 422 ampliusmanet
830 333 925 413 idem,
943 351 945 356 ’

1 423 2 464 ³
90 423 187 488 volui
210 421 271 500 sit,
295 423 384 508 quod
407 439 501 488 antea
526 445 590 488 non
614 438 705 503 erat,
732 425 783 489 vel
809 425 832 488 si
860 443 933 488 non’

92 511 157 590 ait,
179 511 267 597 quod
288 531 381 578 antea
401 527 488 588 erat,
512 513 562 576 tel
582 513 607 576 si
632 513 673 576 eit
697 511 807 590 aliud,
831 533 925 597 quam
971 529 974 534 ’

93 618 181 666 antea
206 619 284 668 erat.
313 601 401 666 llice
431 621 520 664 versa
544 603 566 663 si
591 600 622 664 in
649 599 846 686 re-qu‘adam
873 603 936 664 ni-'

90 687 134 752 hil
148 689 207 766 ait,
222 690 272 752 cui
289 689 375 753 aliud
391 687 538 752 substitui
553 688 674 774 possit,
691 693 799 756 ceteris
815 688 937 755 iisdem'
994 763 998 776 1

89 776 307 852 manentibus,
324 796 382 842 uec
399 776 492 841 etiam
509 775 631 863 aliquid
647 778 796 844 accedere
812 795 924 866 queat3

88 868 148 933 erit
169 868 263 934 etiam
288 863 340 929 illa
366 884 436 940 tes,
461 881 559 952 atque
580 864 675 930 etiam
697 865 795 944 illud,
811 869 862 934 cui
879 867 928 932 ni·

86 950 133 1016 bil
160 954 247 1022 aliud
272 954 303 1018 io
330 952 440 1018 eadem
469 973 503 1017 re
530 951 678 1018 substitui
702 969 836 1043 potest,
861 959 926 1022 int-

86 1039 267 1110 nutabile.-

100 1183 104 1190 .
134 1126 215 1200 lli..
250 1127 349 1208 Quod
361 1128 569 1196 necessarium
582 1145 648 1208 est,
662 1129 740 1198 illud
751 1147 800 1198 est
816 1131 928 1196 immu-

88 1214 199 1284 tabile.
217 1217 343 1285 Etenim
359 1219 381 1282 si
401 1219 586 1298 attributum
602 1221 731 1308 aliquod
750 1221 926 1288 necessario

87 1304 172 1371 inest
188 1306 354 1385 subiecto,
371 1305 445 1372 nihil
467 1307 624 1372 inlocum
646 1310 788 1378 attributi
810 1307 926 1374 substi-

55 1399 58 1404 '
90 1408 181 1462 tuere
220 1397 317 1472 licet,
348 1397 460 1462 ceteris
488 1396 598 1462 iisdem
636 1397 857 1476 manentibus,
887 1419 925 1464 ac

89 1483 226 1570 proinde
241 1482 432 1552 attributum
449 1500 494 1550 est
508 1483 716 1565 immutabile,
737 1487 874 1574 ideoque
893 1504 926 1552 et

91 1568 267 1638 subiectum
296 1591 438 1658 respectu
466 1572 609 1638 attributi
640 1573 834 1640 immutabile
866 1591 924 1640 est.

90 1658 180 1728 Vice
196 1681 285 1729 versa
300 1663 389 1748 quod
406 1659 597 1727 immutabile
612 1680 679 1742 est,
704 1662 782 1728 illud
803 1679 848 1728 est
865 1673 936 1727 ne·'

90 1751 271 1822 cessarium.
290 1749 413 1816 Etenim
427 1769 600 1836 ponamus,
617 1747 823 1831 attributum,
838 1749 931 1838 qnod·

91 1837 171 1904 inest
188 1836 353 1915 subiecto,
375 1859 442 1903 osse
464 1837 676 1918 immutabile3
694 1861 770 1928 ergo
791 1861 850 1928 pro
872 1857 928 1904 at·
1009 1858 1010 1862 ’

91 1925 214 1992 tributo
232 1924 380 1994 substitui
398 1947 460 1991 non
482 1943 587 2016 potest
602 1927 723 2016 aliquid
739 1929 845 2008 aliud,
861 1928 936 1993 sal··
983 1957 984 1960 ¹

91 2035 134 2078 no
157 2013 302 2084 manente
328 2013 496 2092 subiecto,
521 2038 557 2082 ac
584 2018 716 2104 proinde
740 2019 937 2083 attributum

90 2106 300 2172 necessatium
323 2120 380 2168 est.
407 2101 507 2192 igitur
530 2107 696 2170 necessitas
719 2125 750 2172 et
772 2105 927 2172 immuta·

90 2190 195 2259 bilitas
219 2193 263 2258 ita
285 2210 373 2260 aucto
393 2193 521 2258 viuculo
539 2191 733 2271 cohaerent,
757 2213 792 2260 ut
814 2193 926 2260 subla·
999 2211 1001 2216 '

91 2297 202 2352 taum
224 2281 354 2348 tollatur
374 2301 406 2348 et
429 2282 546 2358 altera,
571 2281 676 2366 posita
692 2301 768 2346 vero
785 2304 847 2348 una
864 2304 927 2366 po·
961 2351 966 2358 „

90 2389 191 2436 naturv
204 2390 241 2436 et
265 2371 372 2434 altera.
398 2369 498 2438 Vnde
518 2391 559 2434 ex
581 2367 829 2435 immutabilitate
850 2391 930 2434 con·

89 2458 232 2524 eluditur
250 2460 451 2537 neomutus,
484 2477 645 2546 tamquam
676 2479 715 2524 ex
744 2457 929 2544 definitione

91 2547 271 2620 delinitum.
930 2557 934 2568 ”

137 2632 207 2706 lv.
232 2671 240 2689 x
254 2635 449 2724 Contingent
462 2651 511 2700 est
524 2679 535 2711 ,
557 2637 649 2718 unius
663 2638 844 2724 oppositum
857 2633 931 2702 nul·

91 2721 163 2797 lam
192 2725 481 2792 contradictionem
504 2722 656 2804 invbluit,
683 2749 739 2801 seu
757 2725 846 2812 qnod
870 2749 931 2790 ne·

92 2817 272 2892 octennium
300 2835 361 2878 non
386 2817 447 2876 eat?-
473 2808 523 2876 lta
552 2814 639 2879 calor
664 2813 772 2900 lapidis
795 2813 931 2877 contin·-¹

92 2923 169 2992 geos
191 2919 272 2983 ean,
286 2900 483 2982 caluneniut.
495 2899 603 2966 abesse
619 2901 848 2990 'poteet.-Hinc
871 2921 932 2987 pa·
