2298 3418
214 173 301 224 tam
325 175 400 226 ιιι.
426 177 593 234 cosroes..
614 179 692 230 ont.
719 179 769 230 u.
851 185 916 260 ιη

363 337 552 411 CAPVT
576 333 631 407 11.

64 506 123 578 De
151 531 231 580 vero
262 537 286 579 a
306 513 426 595 falso,
459 515 610 584 ercam
638 519 682 584 ab
712 522 835 588 incerto
852 537 919 612 per

234 605 520 672 ratiocinationem
543 606 749 674 secernendo.

309 782 610 856 ,ARTICVLVS
637 781 664 850 Ι.

19 1000 25 1011 ·
83 951 148 1025 De
179 978 261 1025 uero
288 972 320 1026 et
334 957 452 1044 falso,
482 985 523 1032 ae
550 964 724 1052 utriusque
747 962 894 1030 criterio.

18 1034 30 1220 l
513 1135 543 1204 1.
909 1136 1000 1188 2

19 1274 27 1286 .
73 1148 138 1321 Si
158 1237 294 1313 utraque
315 1227 484 1313 praemissa
508 1229 636 1294 alicuius
653 1228 829 1319 syllogismi
846 1223 919 1296 fue-

69 1325 113 1372 stt
137 1332 237 1392 vera,
261 1317 425 1382 conclusio
447 1317 577 1404 quoque
603 1341 673 1382 vera
699 1338 756 1384 est.
780 1319 809 1381 si
833 1317 919 1383 enim

71 1411 214 1489 utraque
231 1405 396 1487 praemissa
410 1405 541 1470 alicuius
559 1407 735 1493 syllogismi
752 1404 845 1470 fuerit
858 1428 919 1472 ve·

73 1505 129 1563 ης
159 1492 400 1577 praedicatum,
426 1493 491 1560 sive
518 1491 736 1558 aftlrmarivum
768 1495 833 1558 sive
857 1513 920 1558 ne-

71 1577 239 1661 gativum,
263 1580 353 1667 quod
366 1584 396 1645 in
422 1583 532 1648 iisdem
548 1580 747 1668 praemissis,
774 1578 921 1643 subiecto

74 1665 125 1728 vel
148 1667 322 1747 absolute,
346 1671 397 1734 vel
420 1670 478 1734 sub
500 1669 576 1734 data
600 1669 786 1734 conditione
809 1665 921 1732 tribui*

74 1765 127 1816 tur
150 1755 241 1842 (aut
264 1759 449 1844 negatur),
475 1758 575 1824 eidem
600 1759 649 1824 vel
674 1757 840 1836 absolute,
871 1752 922 1820 uel

74 1839 135 1907 sub
162 1845 242 1910 data
264 1845 449 1913 conditione
477 1848 626 1913 convenit
643 1847 727 1934 (aut
753 1869 813 1912 non
842 1866 921 1910 cuns·
995 1859 997 1864 “

76 1937 179 1999 uenit.
194 1933 205 2018 )
223 1935 285 1999 Sed
309 1957 348 2000 ex
368 1937 420 2013 lis,
443 1959 524 2024 quae
538 1935 579 2000 de
595 1933 696 2000 forma
712 1935 922 2026 syllogismo-

77 2039 147 2086 rum
177 2023 486 2104 demonstravimus,
510 2042 622 2113 pater,
644 2024 667 2086 si
692 2024 723 2086 iu
746 2022 921 2108 praemissis

35 2177 37 2182 ,
78 2109 226 2178 subiecto
252 2114 420 2180 conveniat
437 2116 447 2200 (
463 2131 520 2178 aut
538 2135 598 2176 non
612 2113 779 2178 conueniat
802 2111 813 2194 )
832 2132 923 2196 prae-

77 2195 248 2279 dicatum,
276 2202 376 2266 eidem
393 2223 524 2288 quoque
547 2199 752 2284 convenire(
783 2215 841 2263 ant
862 2219 936 2290 non.

80 2292 248 2354 conuenire
273 2288 285 2376 )
309 2289 423 2355 debere
447 2292 476 2354 in
499 2288 724 2364 conclusione,
751 2285 844 2374 quale
869 2305 923 2350 su-

81 2376 178 2442 mitur
206 2378 239 2442 in
261 2380 456 2465 praemissis3
477 2377 642 2440 conclusio
665 2376 757 2464 igitur
775 2396 847 2440 vera
864 2389 922 2439 est.

81 2461 169 2532 Hinc
194 2487 294 2554 quum
317 2469 416 2530 omnis
438 2466 565 2531 tandem
581 2465 778 2530 ratiocinatio
796 2463 835 2528 ad
852 2463 924 2552 syl·
1007 2498 1009 2502 ·

82 2549 248 2644 logismum
271 2556 463 2633 reducatur,
490 2571 578 2644 patet
599 2557 628 2618 in
653 2555 737 2620 omni
754 2551 923 2618 ratiocina-

84 2639 190 2722 tione,
219 2643 309 2710 cuius
336 2643 477 2732 singulae
506 2644 697 2731 praemissae
719 2659 792 2706 sunt
816 2663 939 2721 verae3·
1004 2645 1008 2661 '

18 2733 19 2742 ’
86 2747 190 2797 reram
219 2753 285 2798 esse
311 2735 559 2798 conclusionem.
863 2781 865 2786 ,

115 2817 175 2886 ‚IL
221 2819 250 2886 Si
278 2820 310 2886 in
334 2821 521 2912 syllogismis
546 2817 848 2908 quomodocumque
871 2819 924 2882 in-

84 2921 133 2984 ter
156 2931 190 2988 se
215 2913 386 2996 connexis,
410 2932 475 2978 non
502 2910 566 2978 aliis
592 2925 717 2976 utamur
745 2905 923 2994 praemissis
