2326 3438
231 136 297 208 286
471 155 653 205 sttsrtuvt.
676 157 809 210 tatros.

214 228 425 298 doctissimus
462 225 670 315 hypothesim
705 229 787 294 hanc
820 228 1069 320 explorandam,

214 317 346 388 annulo
359 347 362 354 ¹
374 317 430 382 tali
458 335 623 398 saturnum
644 318 843 384 circumdati.

255 427 258 434 ·
291 408 393 492 Saepe
405 405 581 497 contingit,
598 406 677 472 inter
689 429 819 486 causas,
835 428 912 496 quas
925 411 1070 494 perpeti-

214 494 345 562 dendas
360 493 579 581 suscepimus,
593 495 711 564 nullam
727 496 817 574 dati,
840 497 1070 584 quae-reliquis

227 582 472 648 circumstantiis
497 584 648 670 separatis
664 584 831 650 satisfaciat
849 607 858 662 3
890 601 967 650 tnnc
984 585 1069 653 aliae

215 693 342 740 <causae
362 671 560 757 quaerendae
580 688 676 751 sunt,
697 689 729 738 ct
745 673 881 758 ‘quidem
905 676 1067 738 successi·

216 783 267 828 ae
279 779 390 826 omnes
407 781 541 838 causae,
569 781 645 847 quas
659 761 797 850 singulae
811 761 1065 830 circumstantiae

216 849 428 937 suppeditare
443 867 601 938 possunt,
623 849 871 916 considerandae
884 851 981 929 snn't,
1000 850 1065 916 do-

223 959 282 1005 nec
300 959 362 1004 una
380 937 568 1027 detegatur,
596 957 677 1022 quae
693 939 932 1004 circumstantiis
949 940 1061 1004 omni-

213 1025 284 1092 ‹bus
312 1025 487 1092 satisfaciat.
516 1026 683 1104 Peouiiatis
713 1030 864 1116 sagacitas
891 1025 940 1092 hic
969 1027 1061 1094 desi-

215 1119 377 1195 deratur,
406 1114 549 1202 quamvis
570 1115 740 1202 aliquando
760 1114 840 1182 felici
863 1137 938 1180 casu
959 1123 1062 1203 sp'on·

219 1221 255 1272 se
270 1203 358 1290 quasi
373 1202 465 1268 nobis
479 1221 627 1268 occurrat
641 1204 720 1270 illud
735 1249 743 1283 ,
766 1204 853 1290 quod
868 1205 1061 1291 quaerimus.

221 1319 228 1376 3
289 1291 486 1380 Reguia'tv.
510 1289 724 1380 Exploratus
745 1291 952 1383 hypothesis,
974 1292 1062 1360 hanc

216 1377 460 1460 'transferendo
485 1378 536 1446 ad
553 1401 658 1448 omnes
680 1380 769 1448 alias
791 1383 1062 1448 circumstantias

217 1475 392 1559 cognitas,
415 1483 452 1534 ut
468 1483 616 1548 constet,
641 1473 840 1536 anomncbus
852 1468 1062 1548 satisfaciat.

236 1605 237 1608 κ
290 1558 367 1624 Satis
393 1579 457 1622 non
483 1578 529 1624 est
553 1556 760 1646 hypothesim
784 1559 858 1622 solis
879 1553 1061 1626 satisfacere

222 1644 466 1713 circumstantiis
483 1648 647 1733 separatis.
675 1646 747 1711 Nisi
763 1645 907 1712 omnibus
923 1668 1058 1734 quoque

216 1735 350 1822 -tciiquis
372 1737 567 1812 conveniat,
594 1733 766 1803 reiicienda
785 1754 845 1800 est.
875 1737 905 1798 Si
927 1757 1005 1802 veto
1028 1753 1059 1802 et

221 1823 272 1888 his
286 1820 453 1886 satisfaciat
466 1865 476 1900 ‚
489 1844 507 1887 a
520 1844 651 1888 numero
666 1823 968 1889 circumstantiarum
978 1845 1059 1910 peo-

224 1909 312 1976 debit
338 1910 486 1975 iudicium
521 1911 660 2000 deipsa
688 1911 874 2000 hypothesi.
909 1913 939 1980 Si
972 1913 1056 1977 enim
1151 1983 1152 1994 p

224 2000 326 2063 minor
340 1999 378 2064 sit
401 1996 450 2062 hic
466 2003 614 2064 numerus
632 2045 641 2078 ‚
671 2001 811 2088 suspicio
831 1999 900 2065 dari
924 2001 1057 2086 poterit,

224 2087 317 2152 aliam
332 2084 421 2158 ,forte
438 2085 505 2153 dati
522 2108 617 2176 posse
638 2087 864 2176 hypothesim,
891 2106 975 2181 quae
998 2111 1058 2155 eo·

222 2175 297 2242 dent
312 2175 408 2240 modo
425 2165 651 2264 phaenomenis
666 2177 882 2267 respondeat,
911 2198 1060 2243 crescen-

125 2331 126 2340 ,
223 2281 255 2330 te
281 2283 388 2330 aurem
418 2263 707 2351 phaenomenorum
734 2287 890 2343 numero,
924 2267 1059 2354 suspicio

220 2354 325 2418 omnis
350 2375 444 2440 saepe
474 2357 642 2420 evanescit.
676 2351 954 2442 Aequiescendum
983 2372 1058 2420 tuc

223 2443 281 2509 erit
295 2488 306 2521 ‚
331 2462 362 2508 et
387 2441 477 2527 quod
503 2441 593 2505 initio
620 2460 655 2508 ut
676 2442 786 2509 fictum
810 2460 932 2506 tantum
956 2445 1059 2507 consi·

223 2529 324 2595 derasi
349 2529 458 2616 potuit
472 2574 483 2607 ,
512 2551 597 2594 nunc
628 2552 689 2616 pto
717 2532 893 2618 plenissime
920 2531 1057 2616 probato

223 2616 403 2683 habendum
427 2617 494 2681 etit.
523 2619 552 2682 Si
577 2620 677 2682 minor
697 2621 737 2686 sit·
754 2621 1056 2686 circumstantiarum

223 2727 372 2770 numerus
386 2749 394 2783 ‚
410 2705 545 2772 indicata
557 2708 696 2794 suspicio
708 2728 766 2771 usu
782 2709 908 2796 regulas
921 2721 1056 2798 sequen·

223 2795 263 2858 tis
287 2814 381 2880 saepe
407 2812 599 2858 removetur.

287 2879 412 2969 Regula
432 2901 463 2944 v.
487 2878 568 2969 hpsa
584 2878 767 2969 hypothesis
789 2896 840 2949 cst
862 2885 1054 2956 examinass-
