2288 3416
232 146 298 232 256
364 147 366 151 ’
473 152 832 216 sacrarunanrr‘os.
867 155 920 196 ’Ὗ

234 233 335 316 Quod
361 234 443 302 enirn
469 237 612 302 subiecto
639 241 759 303 nonnisi
786 236 846 304 sub
873 251 960 306 certa
990 254 1069 303 corr·
1127 309 1128 312 Ἴ

195 340 213 385 ὃ
234 326 356 392 ditione
372 328 542 406 convenit,
562 326 594 392 id
610 325 638 392 ei
652 325 827 407 absolute,
847 346 901 392 aut
919 326 980 392 sub
996 347 1072 415 par·

229 429 264 482 te
287 427 412 479 tantum
441 414 549 502 aliqua
572 415 762 480 'conditionis
784 416 870 481 istius
894 420 1072 484 convenire
1127 457 1128 492 1

232 505 366 589 nequit,
395 501 485 589 quod
501 522 606 567 tamen
623 505 653 568 in
669 502 731 569 hoc
745 525 817 570 casu
833 501 972 571 infertur.
998 503 1072 569 Eo·
1127 507 1128 588 i

229 591 305 658 deru·
322 590 419 656 rhodo
434 608 545 679 patet,
575 589 683 657 inferri
705 615 900 681 conpone,
930 593 1071 681 praedi·-

229 688 337 747 catuna
364 679 546 768 simpliciter
570 681 739 748 convenire
765 680 934 762 subiecto,
964 703 1003 747 ert
1026 703 1070 747 eo

229 770 318 856 quod
344 787 432 835 certo
459 768 556 834 modo
585 769 826 836 determinatum
853 771 954 838 eidern
980 780 1070 834 c'on-
1127 769 1128 820 ἒ

230 860 361 936 veniat,
390 871 424 923 et
445 874 569 922 contra.
596 857 636 922 E.
664 881 694 948 g.
723 863 831 924 vinnm
852 875 902 926 est
921 863 1072 948 aegrotis}

224 946 421 1038 plerumque
443 950 606 1024 noxium5
636 967 711 1036 ergo
732 952 841 1014 vinnm
860 961 911 1014 est
933 951 1072 1012 noxiam

231 1035 438 1125 simpliciter.
476 1031 543 1100 Ista
570 1037 798 1124 argumentatio
832 1053 879 1102 est
908 1035 1068 1101 vitioraa

230 1125 319 1192 dicto
339 1120 517 1190 secundnm
538 1128 622 1212 qnid
638 1123 685 1190 'ad
708 1123 833 1191 dictum
859 1123 1067 1214 simpliciter·

230 1213 298 1280 Ista
315 1234 417 1290 vero;
449 1217 646 1303 unicnique,
673 1213 959 1303 qarodsuumest,
990 1236 1070 1279 res·
1127 1293 1128 1296 Ἴ

228 1307 310 1370 ritui
329 1301 427 1368 debet
438 1320 453 1377 ,⁶
476 1321 551 1390 argo
566 1305 633 1367 viro
640 1300 771 1384 furioso
792 1323 888 1368 arma
903 1323 965 1368 sna
980 1299 1068 1382 red·
1127 1337 1128 1378 ς

229 1390 342 1459 denda
359 1403 466 1466 sunt5
496 1406 544 1456 est
566 1411 583 1454 a
603 1390 692 1458 dicto
711 1389 906 1480 simpliciter
928 1388 1069 1459 addic·
1127 1383 1128 1440 ἕ

229 1495 300 1548 rum
327 1477 505 1547 secundum
532 1475 625 1568 qnid.
760 1496 762 1500 ·

232 1595 236 1602 ⁴
274 1567 365 1640 VII.
411 1567 443 1632 Si
480 1568 550 1656 quis
577 1589 637 1656 pro
664 1567 915 1634 contradictoriis
947 1564 1068 1634 habeat

229 1658 460 1749 propositiones
478 1699 489 1734 ,
516 1675 598 1742 quae
613 1657 689 1722 tales
706 1679 770 1721 non
787 1673 883 1742 sunt,
911 1671 1008 1746 atque
1022 1679 1067 1722 ex

228 1750 361 1828 veritate
381 1747 474 1808 unius
488 1743 600 1809 inl'erat
616 1743 784 1810 falsitatem
799 1746 946 1824 alterius,
976 1746 998 1809 is
1021 1745 1068 1808 il-
1127 1775 1128 1818 r

229 1827 368 1924 legitime
383 1850 628 1920 argumentatur.
659 1834 769 1920 Quurn
786 1835 867 1900 enirn
883 1833 966 1900 duae
982 1854 1068 1922 pro·
1127 1829 1128 1884 ἓ

230 1925 404 2013 positiones
428 1943 492 1984 non
514 1925 576 1984 sint
596 1923 884 2000 contradictoriae,
913 1922 976 1986 lieri
996 1943 1069 2010 po-

230 2027 317 2093 test,
349 2027 385 2074 ut
406 2009 590 2074 tintamhae
612 2033 730 2088 verae3
760 2011 898 2098 ideoque
920 2031 960 2074 ex
982 2012 1071 2074 veri·
1127 2049 1128 2058 κ

228 2119 293 2168 tate
321 2099 413 2164 troius
436 2095 541 2162 inferri
565 2119 628 2162 non
648 2117 757 2188 potest
783 2099 900 2164 falsitas
924 2099 1067 2164 alterius.

203 2208 207 2220 ¹
230 2189 296 2269 Qui
325 2188 555 2276 propositiones
584 2201 642 2272 pro
671 2187 924 2253 contradictoriis
952 2185 1064 2268 habet,

230 2302 315 2369 quae
343 2279 422 2342 tales
447 2297 513 2339 non
538 2291 633 2354 sunt,
663 2275 778 2341 dicitur
803 2281 955 2360 ignorare
976 2273 1067 2340 elen-

230 2368 349 2446 chum,
380 2367 423 2428 ita
447 2381 483 2427 nt
508 2368 696 2452 ignorantia
722 2341 846 2430 elenchi
873 2363 947 2430 nihil
977 2363 1065 2429 aliud

229 2459 269 2523 sit
282 2503 291 2536 ‚
304 2473 403 2544 quam
417 2453 590 2538 ignorantia
603 2453 863 2519 contradictionis
876 2496 885 2531 ‚
898 2474 934 2516 ac
951 2452 1065 2540 proin·

229 2547 273 2613 de
297 2563 328 2610 et
354 2561 495 2618 eorum,
526 2563 608 2628 quae
631 2541 676 2606 ‘ad
699 2543 982 2606 contradictionem
1007 2561 1064 2605 re·

230 2636 411 2724 quiruntur.
439 2627 541 2717 Igitur
563 2628 718 2718 ignoratio
745 2629 868 2698 elenchi
891 2628 1065 2694 committi-

229 2721 283 2787 tur
304 2720 356 2784 vel
371 2716 415 2781 ob
436 2717 643 2784 terminorum
660 2720 981 2804 aequivocationem,
1010 2717 1068 2782 vel

231 2808 276 2874 ob
298 2809 442 2897 ignorata
462 2806 503 2871 ad
523 2828 627 2870 veram
643 2807 926 2872 contradictionem
949 2805 1067 2892 tequi-¹

232 2900 303 2968 rita.
332 2895 499 2986 ignoratio
521 2893 643 2962 elenchi
667 2895 817 2964 vitabitur
829 2895 898 2980 ,.-ai
920 2896 951 2960 in
966 2893 1065 2983 priori
