2246 3412
150 119 220 228 ὁι66
355 178 373 188 ..
416 145 603 194 tumtur.
625 142 784 206 runos..

145 215 392 294 trasumenus,
406 235 443 283 ut
456 238 640 306 supremum
654 234 786 283 naturae
800 225 970 280 auctorem
984 234 1053 279 non

144 305 327 392 ·tgnoscat';
345 305 369 366 is
383 305 500 370 acleus
514 307 642 372 dicitnr.
673 303 766 382 Quae
789 302 952 370 obiiciunt
968 303 1055 369 athei

146 412 190 456 ex
204 391 293 456 malis
309 391 450 481 physicis
465 413 497 460 et
522 392 694 462 moralibus
712 411 824 458 contra
847 395 1053 458 existentiam

146 477 212 544 Dei
234 501 340 548 retum
354 481 495 546 omnium
508 485 672 559 auctorit,
686 483 966 548 conservatoriset
988 481 1050 546 do·

141 567 249 649 vturini,
278 571 338 634 ianr
361 591 382 635 a
399 570 493 636 nobis
509 573 605 662 plene
619 571 724 636 soluta
747 591 785 634 ac
807 569 963 656 dissipata
976 567 1044 635 fue-

146 676 183 722 te
197 655 322 724 invictis
338 661 493 723 rationum
515 662 707 738 momentis,
723 679 778 743 per
789 678 878 746 quae
893 654 1046 723 confutari

60 749 65 756 “
140 747 323 829 octandem
338 749 484 812 convinci
500 766 636 838 possunt
653 749 735 814 athei
749 791 760 826 ,
773 745 956 834 adiuvante
969 745 1050 812 Deo.

141 831 274 900 »Deleta
292 835 358 904 sive
372 836 496 903 theim
512 840 563 904 vel
584 837 681 903 etiam
704 833 920 901 naturalista
934 835 1052 924 appel-

145 919 257 1003 latur,
277 923 333 1012 qui
356 924 460 990 Deum
474 925 755 1014 existere'quidern
781 923 969 1003 concedit,
998 924 1054 991 sed

141 1009 330 1101 seligionem
343 1013 462 1078 nullam
472 1016 621 1094 ,cultum
639 1014 761 1078 nullum
773 1013 965 1099 'profitetun
980 1013 1054 1079 Re·

146 1096 294 1188 ligionem
321 1123 448 1168 omnem
470 1101 676 1190 divinamque
711 1101 945 1167 revelationem
967 1119 1056 1165 tam·

141 1209 243 1276 quam
262 1209 363 1257 meras
390 1189 513 1256 ¹fabulas
540 1189 703 1258 fastidiose
722 1187 902 1254 traducunt
916 1189 1053 1270 deistae,

142 1276 283 1366 satisque
298 1299 365 1345 esse
377 1280 529 1368 garriunt,
538 1281 562 1345 si
576 1279 665 1346 Deus
679 1281 711 1342 in
724 1295 855 1344 naturae
871 1279 1051 1368 cordisque

142 1365 345 1453 simplicitate
360 1371 521 1435 adoretur.
553 1367 666 1456 Longe
692 1368 822 1454 lateque
852 1386 1052 1456 pervagatur

142 1449 225 1520 llaec
240 1455 452 1523 exitialissima
473 1457 571 1545 pestis
587 1456 675 1522 omni
690 1475 812 1521 conatu
839 1455 1053 1544 extirpanda.

143 1543 208 1610 sid
221 1542 356 1611 maxime
369 1545 633 1634 implorandaest
647 1545 752 1612 divina
768 1543 867 1635 gratia
884 1589 895 1622 ,
921 1565 961 1610 ut
973 1561 1053 1609 tan-

145 1647 194 1697 tas
218 1650 251 1699 et
276 1635 547 1720 perniciosissimas
576 1635 688 1701 mentis
715 1633 876 1698 humanae
898 1634 1050 1700 tenebras

142 1718 297 1810 depellat.
312 1723 416 1788 Solius
432 1723 611 1812 theologiae
627 1722 774 1788 naturalis
795 1741 860 1809 ope
873 1719 908 1785 in
923 1722 1049 1788 arrico·
1120 1793 1121 1816 χ

146 1807 179 1897 ln
216 1809 418 1896 praecedenti
451 1813 706 1900 impugnavirnus
739 1809 935 1877 teterrimam
965 1811 1050 1878 hanc
1120 1819 1121 1836 ¹

141 1911 264 1966 sectam
287 1920 394 1967 sacrae
422 1898 604 1992 theologiae
623 1899 816 1967 auctoritate
840 1901 973 1965 omuino
988 1901 1050 1969 dc-

149 1983 342 2054 bellandam.
778 1994 782 2001 '

134 2113 145 2139 ι.
190 2071 239 2140 11.
283 2070 459 2146 Fatalista
480 2075 618 2157 dicitur,
649 2077 704 2168 qui
729 2075 908 2144 absolutam
937 2099 1049 2146 renutu

146 2164 286 2230 omnium
301 2164 334 2230 in
361 2166 480 2232 mundo
500 2168 722 2234 necessitatem
742 2163 900 2233 defendit.
925 2165 1046 2234 Fata-

146 2249 261 2320 lismns
281 2255 476 2322 uniuersalis
495 2257 700 2344 appellatur,
724 2255 778 2343 qui
791 2253 972 2320 absolutam
986 2278 1043 2322 re-
1120 2251 1121 2260 ’

148 2361 216 2406 rum
237 2345 375 2408 omnium
390 2347 606 2414 necessitatem
622 2345 664 2410 ad
680 2344 760 2430 ipsas
776 2364 907 2430 quoque
934 2344 1040 2412 actio·
1120 2353 1121 2396 l

147 2451 203 2495 nes
227 2427 375 2499 humanas
394 2435 558 2514 extendit,
573 2451 685 2520 negata
700 2429 847 2499 libertate
863 2431 1042 2498 voluntatis

97 2585 98 2592 χ
147 2517 313 2586 humanae.
341 2520 549 2588 Fatalismus
557 2519 782 2611 particularis
808 2539 945 2586 vocatur
961 2566 972 2600 ,
988 2523 1045 2608 qui

145 2608 361 2674 necessitatem
378 2630 481 2676 rerum
496 2611 634 2676 omnium
650 2609 829 2696 absolutam
848 2609 931 2674 ultra
947 2632 1044 2675 mun·

136 2691 223 2758 dum
237 2695 423 2762 mateiialem
438 2719 503 2762 non
520 2698 666 2764 extendit
678 2742 689 2776 ‚
701 2703 850 2764 concessa
864 2697 1045 2766 voluntaria

139 2775 300 2847 -hurnanae
320 2782 472 2849 libertate.
497 2785 631 2873 Spinosa
654 2803 686 2850 et
706 2784 888 2850 Hobbesius
913 2783 1041 2850 fatalis-

138 2885 231 2928 -mum
257 2867 464 2936 universalem
489 2889 711 2960 propugnant.
736 2874 831 2937 Stoici
857 2873 1043 2961 vulgocre·

145 2949 263 3014 duntur
286 2951 475 3022 fatallsmum
506 2961 730 3044 particularem
756 2960 930 3025 admisisse.
958 2960 1048 3039 Quia

144 3041 221 3102 reto
236 3037 496 3112 demonstratum
507 3063 555 3112 est
569 3048 749 3132 „muudum
763 3068 781 3112 a
796 3047 1046 3118 Deolibetrime
