2298 3418
185 107 231 176 32
400 79 643 154 'rusrtn'vm
666 102 802 152 aurcos.
936 171 938 176 Ι

176 171 455 240 'chanismo'tribui
465 187 598 248 omnes,
617 193 694 262 quas
709 172 856 238 miramur
869 169 1056 251 ,brutorum

178 260 405 350 operationes.
421 261 522 328 Porro
534 281 659 330 statura
669 261 810 350 simplex
822 277 892 339 est,
906 279 944 325 ut
957 261 1058 350 vulga

176 371 217 416 tre
233 349 293 414 fert
312 346 568 440 philosophicum
595 351 739 428 axioma,
763 368 860 440 atquc
868 347 1063 434 frast-rufis

175 435 378 526 perplura,
396 437 581 528 quodfieri
597 457 708 532 potest
722 459 787 526 per
806 442 985 527 pauciora.
1014 439 1065 503 Eu

176 525 1030 617 'speciosissimamcartesianotumargumentationem.
1144 527 1145 532 ’

176 633 179 644 ·
248 613 462 701 Respondent
477 619 575 708 vulgo
594 618 669 695 alii,
691 616 861 681 martimum
891 635 959 680 esse
984 615 1062 680 inter
1144 675 1145 706 ἦ

176 700 268 768 'bruti
295 720 328 767 et
353 701 484 770 hominis
504 711 621 772 attimar
648 703 825 770 discrimen.
854 703 967 767 Homo
980 705 1060 768 enim

173 791 265 856 ideas
282 789 450 858 abstractas
465 791 604 874 format,
636 793 785 860 veritates
811 794 1002 868 necessarias
1026 809 1061 857 et

176 896 325 945 aeternas
340 901 376 944 ac
392 883 592 970 semetipsum
605 901 679 948 actu
692 883 811 948 reflexo
824 881 1006 968 cognoscit,
1019 901 1057 945 ac

136 985 137 988 ’
177 968 1058 1038 *tandemratiocinatur.Atbrutasensationibustmum

176 1067 336 1146 aguntur,
351 1080 399 1124 res
413 1059 585 1150 singulares
598 1077 630 1128 et
640 1079 809 1146 corporeas
820 1053 992 1122 'dumtaxat
1000 1080 1062 1145 per·
1135 1097 1146 1124 r

173 1145 1063 1234 'cipiunt,actusreiiexosnoneliciunt,rrequeullomo·
1145 1127 1146 1204 l

173 1234 227 1300 'do
237 1236 482 1314 ratiocinantur,
497 1255 551 1304 aut
563 1259 661 1306 unum
671 1257 711 1302 ex
725 1235 789 1322 alio
801 1234 982 1300 deducunt.
992 1236 1066 1304 Vn·
1143 1255 1146 1272 ⁴

173 1324 222 1388 'de
230 1323 425 1388 concludunt
441 1369 451 1402 ,
473 1325 640 1394 brutorum
658 1325 791 1390 animam
803 1345 868 1387 non
885 1343 956 1390 esse
969 1323 1061 1410 spiri·
1145 1347 1146 1350 ¹

170 1407 1061 1484 tualemsedmaterialem.Vernmhacrasioneconvel-

181 1499 259 1566 litut
280 1501 520 1590 argumentum,
540 1524 606 1588 quo
627 1501 806 1592 probatur,
833 1503 1062 1590 cogitationem

169 1605 247 1654 'uon
259 1587 317 1655 nisi
329 1590 523 1658 substantiae
537 1591 670 1680 simplici
680 1610 774 1678 posse
784 1591 1061 1670 conveniresideo·

169 1693 248 1768 ‘que
261 1679 346 1742 nulla
360 1694 408 1744 est
419 1679 615 1746 ratiocinatio
625 1679 698 1746 inde
708 1677 846 1743 deducta
859 1679 901 1743 ad
915 1695 1055 1744 statuen-

181 1767 255 1831 dam
266 1767 377 1832 mentis
393 1767 549 1842 humanae
560 1768 835 1834 immortalitatem.
853 1765 896 1831 Et
908 1785 998 1832 certe
1012 1764 1027 1831 f
1042 1799 1057 1817 ·

171 1854 313 1921 'tendum
336 1874 409 1933 est,
434 1859 543 1922 mentis
566 1856 721 1921 humanae
746 1854 1002 1941 spiritualitatem
1024 1875 1060 1920 ac

172 1941 444 2010 immortalitatem
465 1945 532 2009 aliis
546 1945 685 2034 plurimis
705 1943 880 2008 rationibus
906 1957 1061 2031 compto·

168 2030 275 2110 sbari,
290 2051 371 2118 quae
384 2032 423 2096 ad
436 2031 530 2098 bruta
544 2031 701 2100 transferri
715 2048 876 2118 nequeunt
889 2041 906 2108 ’ξ
930 2033 986 2098 sed
1006 2051 1059 2097 ta-

169 2135 256 2184 ·ruen
270 2120 410 2184 validum
428 2121 507 2188 illud
523 2139 740 2212 argumentum
763 2120 1058 2187 elevareturhocsi

167 2225 293 2274 'verum
307 2221 407 2287 esset,
422 2211 701 2299 peripateticorum
711 2221 870 2296 responso.
883 2209 928 2272 At
939 2211 998 2298 ipsi
1012 2209 1058 2274 ia·

168 2295 1059 2388 *cllesatisfacerenonpossunthisquaestionibus:aquo·
1146 2369 1147 2372 Ἴ

130 2402 131 2406 ’
171 2387 285 2452 modo
301 2389 499 2476 concipiant,
521 2387 745 2478 cogitationem
755 2383 860 2453 'titiesse
872 2404 967 2474 posse
979 2383 1059 2450 'sub-

127 2495 132 2502 ”
171 2478 302 2542 tantiae
328 2492 474 2544 extensae
496 2495 528 2543 et
553 2476 699 2566 partibus
722 2475 936 2564 compositae?
961 2475 1056 2560 gQua

127 2582 129 2586 ’
166 2565 307 2630 ‘ratione
322 2581 488 2644 statuant,
515 2564 608 2630 bruta
634 2565 841 2630 nullomodo
866 2561 1055 2627 ratiocinari?

181 2651 299 2734 rVnde
313 2673 369 2738 pet
381 2655 531 2718 tationem
546 2655 644 2734 solam
658 2653 773 2732 sciant,
785 2653 867 2718 ideas
880 2651 1053 2716 abstractas

121 2764 124 2784 1
165 2755 217 2803 *et
233 2739 437 2804 ratiocinandi
455 2737 639 2806 facultatem
658 2751 753 2828 posse
770 2761 837 2805 esse
859 2740 913 2804 uisi
932 2741 963 2804 in
981 2738 1056 2803 sub-

161 2845 167 2852 ·
183 2825 296 2888 stantia
307 2824 458 2911 simplici,
473 2827 643 2894 ideasveto
650 2821 822 2914 singulares
831 2845 929 2912 atque
936 2845 1051 2913 naemu·

162 2929 171 2950 ⁴
183 2914 257 2976 riam
267 2931 360 2998 posse
369 2931 435 2977 esse
446 2915 475 2976 io
490 2913 664 2979 substantia
676 2915 852 3000 composita
864 2931 896 2980 et
907 2917 1053 2980 extensa?

161 3017 167 3024 ·
249 2997 539 3086 Respondentali,
552 3001 629 3083 nihil
637 3002 686 3083 ,si
697 3001 851 3074 tationem
863 2999 1055 3068 solamoon·
