2270 3416
158 86 226 158 red
376 119 399 138 ··
435 103 788 158 marran-'mmm

153 193 296 244 mentem
315 172 402 241 nulla
423 178 546 243 tatione
569 179 695 263 proprie
715 198 806 268 agere
827 181 948 262 posse',
969 187 1071 268 qrt‘ttta

153 269 255 331 omnis
269 265 354 330 actio
371 265 402 329 in
416 280 523 332 mente
538 289 556 330 a
569 266 643 331 Deo
659 267 834 334 necessario
850 267 967 344 tieret3
985 293 1070 336 mens

153 367 232 444 eigo
247 372 330 420 esset
347 373 432 420 mete
448 355 594 442 passiva,
613 377 677 418 nort
696 355 815 432 libera,
839 357 939 440 quod
956 357 1069 424 absur-

153 445 229 508 dum
257 461 316 508 est.
332 438 436 507 Immo
450 445 600 508 sentimus
615 460 648 509 et
671 444 750 529 ipsi,
769 463 908 508 mentem
928 465 1066 514 nostram

154 553 173 596 a
188 530 279 598 nobis
295 531 490 596 modificari:
507 531 569 619 ipsi
583 532 756 597 volumus:
772 533 955 598 voluntatis
970 535 1062 624 impe

152 640 224 686 turn
249 619 455 698 cohibemus,
474 639 570 708 prout
586 621 713 686 videtur
727 647 738 686 e
753 621 812 706 ipsi
831 621 935 686 etiarn
955 623 1059 688 conscii

151 709 600 798 sumus,eaqrteconscientia
629 708 781 798 cogitatio
796 728 844 774 est
872 732 932 774 seu
959 714 1056 777 mentis

152 797 347 864 modificatio
374 813 415 864 et,
431 795 609 884 perfectio,
634 821 719 884 quae
747 797 840 885 piane
868 817 986 878 nostra
1006 819 1055 866 etr.

149 889 273 976 Neque
305 885 369 953 boc
387 885 573 976 'quidquam
600 885 724 952 divinae
753 886 873 974 gloriae
912 888 1055 954 detrabit.

151 977 254 1054 Quod
272 976 355 1041 enim
372 973 619 1058 modificationes
635 993 758 1040 nostras
782 996 994 1063 procreemus
1005 999 1054 1063 per

151 1064 341 1132 beneficium
352 1065 542 1142 creationis,
557 1065 661 1129 aDeo
674 1085 737 1128 oon
752 1085 768 1127 a
785 1064 879 1126 nobis
896 1063 1057 1144 habemus,

150 1177 252 1243 quum
282 1155 465 1242 praesertim
491 1153 580 1218 Deus
604 1152 772 1218 modorum
798 1151 1057 1238 productionem,

151 1265 234 1330 quae
256 1263 274 1306 a
298 1241 449 1310 creaturis
472 1241 530 1320 fir,
548 1259 581 1307 et
596 1243 719 1309 noverit
739 1257 770 1306 et
786 1241 969 1328 impedire,
985 1243 1056 1308 urei

149 1332 296 1408 videtur,
323 1331 440 1417 possit.
934 1365 937 1370 -

148 1463 151 1470 -
220 1419 366 1485 Tertium
379 1432 609 1507 argumentum.
623 1417 783 1506 Oportet,
795 1435 1058 1506 creaturasquam

149 1508 287 1576 maxime
314 1529 331 1574 a
349 1508 421 1574 Deo
438 1507 600 1596 pendere,
618 1529 681 1570 non
699 1505 798 1572 modo
816 1511 1057 1592 procreationis

153 1617 186 1668 et
213 1595 460 1662 conservationis
490 1596 632 1670 ratione,
648 1595 810 1660 sedetiam
828 1596 857 1659 itt
882 1594 966 1680 ipsis
979 1618 1053 1684 ope-

151 1686 329 1752 rationibus
356 1685 482 1762 tiberis,
498 1685 587 1772 quod
602 1681 940 1770 solentmetaphysici
956 1681 1057 1751 irael-

147 1769 253 1842 Tfetre:
270 1794 391 1856 cautas
414 1772 577 1840 secandas
593 1770 748 1860 peredere·
760 1777 911 1859 aprima
926 1777 964 1841 in
971 1773 1058 1856 fitri,

149 1869 188 1931 δη
217 1878 415 1951 careatque
441 1865 476 1927 in
500 1865 654 1952 operaria,
670 1859 759 1938 Deus
785 1861 875 1926 enirn·
904 1883 1060 1930 summum

154 1953 328 2038 dominium
354 1951 448 2017 habet
470 1952 501 2016 in
530 1969 745 2016 creaturarum
768 1949 981 2031 voluntates,
999 1974 1060 2039 po-

146 2055 286 2127 'testque
307 2063 361 2106 eas
385 2037 517 2106 flectere
538 2059 570 2106 et
592 2038 741 2108 inclinate
767 2059 978 2126 quocumque
1000 2061 1061 2102 ro-

149 2130 267 2195 tluerit:
295 2149 408 2214 estque
432 2151 540 2194 earum
566 2130 682 2213 primns
710 2148 836 2200 motura
868 2128 961 2212 arqui
986 2129 1060 2196 lraec

151 2239 274 2284 summa
285 2235 500 2284 creaturarum
512 2219 541 2280 in
556 2215 809 2280 subactionibus
823 2214 928 2281 liberis
940 2218 1059 2294 depen-

147 2309 263 2375 5dentia
279 2308 346 2372 sine
365 2305 704 2394 praedeterminatione
724 2305 856 2392 physica
876 2305 1003 2392 intelligi
1024 2320 1059 2369 et

157 2419 224 2462 esse
251 2393 544 2482 neqnitpcergo-ad
569 2392 862 2460 determinationem
888 2394 1060 2464 voluntatis

155 2485 329 2573 requiritur
350 2485 435 2548 actio
461 2483 522 2548 Dei
549 2482 790 2568 praemonentis.
808 2480 889 2546 Mai.
918 2497 1060 2549 constat.

154 2573 253 2639 Prob.
272 2573 354 2637 mint
367 2575 493 2637 Summa
510 2593 574 2635 non
590 2589 636 2637 est
650 2569 883 2654 dependentia,
902 2591 969 2656 qua
993 2593 1060 2634 ma-

153 2665 203 2726 ior
214 2682 282 2724 erse
297 2677 425 2750 potesse
441 2679 473 2724 at
485 2668 562 2724 vero
573 2676 719 2724 ereatura
733 2660 771 2724 ad
786 2677 874 2722 actus
891 2659 1060 2747 singulares

65 2786 70 2796 ·
146 2746 674 2838 'physiceuonpraedeterminata
687 2751 816 2812 minusa
837 2747 909 2811 Deo
928 2749 1059 2833 pendet,

76 2877 79 2884 ι
99 2912 102 2920 ι
157 2859 253 2922 quarn
277 2857 332 2910 ea,
348 2857 430 2918 qnae
448 2837 728 2920 praedetermiuat'a
746 2836 847 2909 l'orett
862 2858 939 2924 ergo
956 2837 1062 2901 debita

156 2921 371 2987 creaturarum
386 2945 405 2984 a
418 2923 490 2986 Deo
506 2924 720 3011 dependentia
737 2926 801 2988 sino
816 2921 950 3008 physica
972 2945 1064 3009 prae·
1112 2923 1113 2934 ’

160 3010 305 3075 motione·
328 3024 411 3074 atate
438 3031 504 3076 non
527 3029 656 3099 potest..
670 3013 840 3081 Praeterea
868 3009 1065 3101 {quomodo
