2270 3416
223 132 310 183 unns
335 135 368 181 tr
398 133 558 182 uetera.
586 135 661 180 cnr.
689 134 754 180 ιη.
890 133 949 202 131

7 249 14 292 ς
47 205 100 269 'ss
117 202 222 284 Dico,
245 205 467 292 perceptiones
485 224 611 269 nostras
627 209 657 268 in
674 203 778 268 multis
791 200 918 268 casibus
934 225 954 270 rt

7 337 15 382 ς
45 295 196 358 libertate
226 295 374 378 pendere.
403 293 444 356 Et
469 293 599 377 quidem
631 315 730 380 quum
759 294 953 358 sensationes

7 429 15 474 f
47 380 212 471 pendeant
236 405 253 448 a
278 384 338 446 situ
356 382 499 468 corporis
525 399 556 446 et
580 385 713 468 partiunt
739 381 835 469 ipsius
858 383 954 449 relate

7 521 15 562 ε
47 469 90 534 ad
112 469 234 536 obiecta
253 489 409 546 externe,
441 471 533 534 sirum
565 492 640 534 vero
661 471 748 534 illum
772 468 865 534 iibere
888 491 956 534 ntu-

7 609 17 633 ,.
48 575 314 644 tareposssmus,
342 574 378 622 ut
395 559 546 624 accedere
568 559 618 624 vei
649 580 712 622 nort
738 561 889 623 accedere
914 559 957 624 ad

7 640 16 714 f
48 645 237 726 obiectum,
264 645 375 711 oculos
396 649 545 712 claudere
569 645 619 712 vei
645 648 790 734 aperire,
818 647 848 708 in
876 645 957 712 hanc

8 735 16 805 Τ,
48 736 98 800 rei
123 735 208 799 iliam
227 755 349 822 partem
366 751 551 800 convertere
571 737 874 808 cet.;.manitesrnm
895 747 958 815 est,

7 823 10 894 Ῐ
49 823 200 909 plurimos
216 823 405 888 tentationes
425 845 441 887 a
458 823 548 886 nobis
573 822 669 888 libere
687 822 853 908 agentibus
872 843 957 908 pen·

7 906 20 992 ,ζ
48 913 137 977 dete.
159 913 217 974 rt.⁰
237 911 347 990 Dico,
375 931 509 976 mentem
528 931 665 976 nostram
683 911 808 976 liberunt
823 933 957 998 quoquc

7 1000 17 1082 f
48 1021 119 1066 esse
137 1001 218 1063 circa
241 999 366 1064 iudicis.
396 999 444 1064 Re
462 999 590 1086 quidem
617 1021 691 1066 sera
716 1001 795 1064 dutn
820 1001 957 1064 eviden-

7 1093 13 1108 '
50 1103 103 1152 ter
137 1089 325 1174 percipimus
360 1109 475 1153 nexunt
505 1086 677 1175 praedicati
705 1107 777 1152 curn
810 1087 956 1152 subiecto

50 1175 304 1262 propositionis,
322 1197 385 1239 non
401 1175 506 1242 sumus
530 1175 618 1241 liberi
635 1199 692 1242 nec
715 1175 852 1240 iudicare
871 1197 956 1260 pos·

48 1285 182 1341 sumus,
200 1260 305 1328 falsam
324 1286 393 1331 esse
409 1265 672 1353 propositionem.
700 1264 786 1328 Nam
808 1263 960 1352 percipe..

7 1425 19 1438 a
47 1375 82 1418 re
106 1352 269 1420 evidenter
292 1374 407 1418 nexum
424 1353 595 1440 praedicati
614 1374 689 1418 cum
706 1353 848 1418 subiecto
873 1353 959 1419 idem

7 1446 20 1526 ’ζ
46 1457 120 1518 est,
148 1462 186 1506 tc
214 1441 350 1508 iudicare
381 1442 632 1530 propositionem
663 1441 856 1506 adfirmttem
890 1463 958 1509 esse

7 1521 12 1560 ²
45 1550 173 1595 veram.
191 1530 267 1594 Non
283 1526 449 1616 possumus
466 1548 571 1596 autern
589 1529 743 1606 indicare,
762 1532 958 1616 propositio·

7 1609 23 1706 ”J
44 1641 125 1684 nem
148 1640 253 1684 verant
275 1640 363 1695 esse,
387 1639 423 1686 et
441 1618 532 1684 simui
551 1618 714 1694 iudicate,
741 1618 882 1682 eamdem
903 1638 960 1682 es·

19 1718 83 1772 ‘se
115 1704 392 1780 falsam.,Verum
425 1710 573 1798 quonium
603 1707 632 1769 in
661 1703 808 1770 omnibus
838 1705 960 1770 iudiciis

8 1794 20 1882 ἰ
48 1794 247 1861 considerari
303 1794 421 1862 debent
479 1793 655 1862 subiectum
708 1811 740 1858 et
798 1795 960 1881 praedica·

9 1881 13 1916 ³
50 1901 125 1948 tum
153 1882 283 1949 seorsim
296 1915 311 1961 ,v
336 1883 450 1952 deinde
483 1903 652 1969 utrumque
686 1881 804 1960 simul,
835 1898 869 1946 ut
898 1905 958 1946 ne·

11 1967 23 2005 ¹²
48 1991 114 2036 trus
143 1971 194 2036 trel
227 1975 432 2060 repugnantia
458 1974 621 2059 utriusque
655 1972 868 2058 percipietur:
898 1969 957 2038 hae

11 2059 14 2096 i
47 2076 162 2126 autent
194 2063 418 2146 operationes,
448 2082 529 2150 quae
564 2060 714 2126 iudicium
750 2059 958 2146 praecedunt,

18 2167 68 2213 ‘a
119 2149 230 2212 mentis
273 2149 417 2216 libertate
455 2148 647 2236 pendeant;
686 2148 785 2230 liquet
823 2169 961 2214 mentem

13 2235 20 2268 ‘³
47 2235 185 2302 liberam
201 2258 267 2302 esse
281 2236 363 2304 circa
378 2237 489 2302 iudicia
509 2237 689 2322 praesertim
705 2236 898 2312 ditcursivt,
919 2235 960 2301 ad

15 2357 16 2360 ¹
50 2346 138 2412 quae
154 2345 216 2390 non
230 2330 453 2414 pervenimus,
470 2328 616 2412 nisipost
629 2323 854 2389 discussionem
870 2345 961 2408 prae·

18 2497 22 2504 ,
48 2416 239 2491 missarum,
264 2416 389 2501 quoda
412 2414 558 2482 libertate
578 2412 707 2500 pendet.
723 2413 796 2476 ιιι.ο
814 2411 961 2500 Denique

17 2527 19 2558 ³
48 2501 157 2579 dicu,
181 2502 325 2566 ultimum
349 2504 461 2570 mentis
477 2503 625 2568 iudicium
652 2501 783 2567 liberum
811 2521 903 2580 esse,
925 2517 962 2568 ut

47 2611 96 2658 ex
116 2587 319 2678 praecedenti
338 2592 541 2680 responsione
564 2583 764 2657 manifestum
780 2609 848 2667 est,
873 2590 963 2654 ideo·

49 2699 124 2767 que
152 2679 345 2764 subsequens
368 2683 537 2746 voluntaris
567 2697 656 2745 actus
681 2681 774 2746 etism
801 2677 878 2743 liber
903 2693 963 2742 est.

19 2763 23 2771 ¹
49 2768 192 2853 Nempe
207 2767 355 2834 iudicium
373 2771 515 2843 ultimum
534 2770 609 2858 porti
628 2786 734 2854 potest
751 2769 800 2831 vei
818 2787 880 2830 non
896 2787 964 2852 po-

19 2851 22 2890 ³
51 2857 90 2924 ni
111 2877 169 2940 pro
191 2856 320 2922 arbitrio
338 2859 529 2934 voluntatis,
555 2858 693 2942 ideoque
708 2857 800 2921 etism
815 2858 962 2917 voluntas

19 2945 23 2974 ²
53 2945 159 3012 libera
182 2965 310 3026 manet,
336 2945 444 3034 quood
472 2963 605 3021 actutu,
631 2945 686 3030 qui
715 2943 860 3008 iudicium
885 2939 972 3004 ittud

20 3032 279 3132 {subsequitum
317 3038 384 3107 tu?
420 3033 553 3122 Insuper
589 3033 736 3184 voitpttas
768 3033 866 3096 iibere
905 3039 964 3108 est,

21 3143 23 3156 ’
565 3175 568 3180 .
688 3139 705 3183 2
