2298 3418
244 207 326 256 rans
351 207 419 254 ut.
442 206 600 254 metues.
623 209 701 256 ttae⁴
726 207 770 256 ιι.
862 213 924 280 ²33

78 275 263 357 habilitas,
293 297 327 344 ut
356 299 417 366 pro
442 277 629 345 certitudine
656 277 820 346 habeatur.
835 277 876 342 E.
899 302 933 368 g.

84 366 197 430 Titius
213 369 339 454 quaerit
366 366 528 432 Maesium
545 366 695 434 latentem
713 411 723 447 ,
749 365 860 433 urbem
876 390 933 454 pe·

89 456 159 534 tit,
191 455 222 520 in
249 477 313 542 qua
349 455 452 533 latet,
483 471 601 522 certant
629 455 760 522 domum
791 456 931 545 ingredi·

92 561 179 623 tur,
206 561 238 610 et
271 561 358 611 recta
388 545 510 614 accedit
535 543 576 609 ad
602 544 737 625 locum,
763 545 816 611 ubi
835 547 933 612 Mae-

89 635 177 704 uium
195 635 323 720 reperit.
342 655 353 717 ξ
372 632 495 701 Locum
515 630 599 699 hunc
628 633 716 700 Titio
729 653 844 701 notum·
856 633 934 700 isim

88 743 151 801 se,
177 724 247 806 quis
270 721 423 808 negabit?
457 721 597 789 Maxima
615 739 720 791 tamen
741 741 862 790 tantum
886 737 935 791 est

90 809 320 900 probabilitas.
348 811 437 878 Nam
458 813 651 876 contrarium
674 811 808 914 aliquam
836 812 936 882 habet

91 899 355 988 probabilitatem
383 900 456 966 licet
484 901 640 966 minimam
652 946 665 979 ,
686 922 775 966 curus
796 903 874 966 ratio
892 901 934 968 ad

89 988 321 1055 certitudinem
348 987 400 1053 illa
430 1003 505 1070 est,
533 1009 614 1078 quae
643 987 737 1054 datur
761 990 843 1057 inter
865 993 935 1056 uui·

92 1093 201 1145 tatem
242 1095 272 1142 et
311 1097 477 1144 numerum
506 1077 645 1144 omniurn
681 1077 862 1158 locorum,
900 1081 933 1146 in

94 1164 215 1250 quibus
242 1165 337 1232 latete
371 1169 479 1252 potuit
507 1166 665 1232 Maevius.
694 1165 811 1256 ltaque
836 1167 934 1233 iutel-

93 1251 237 1342 ligitur,
262 1254 338 1338 quid
364 1257 404 1320 sit
433 1254 640 1339 probabilitas
663 1257 831 1331 maxima,
855 1256 935 1344 quid

91 1343 234 1408 minima.
268 1341 530 1413 Verisimilt'tttdo
554 1361 688 1410 vocatur
716 1345 936 1432 probabilitas,

92 1445 179 1520 quae
215 1430 378 1500 dimidium
419 1431 616 1500 certitudinis
651 1435 938 1520 superat.<Dimi·

94 1520 182 1586 diata
211 1521 374 1586 certitudo
407 1517 522 1587 format
548 1519 682 1586 dubium
711 1523 841 1608 proprie
867 1523 937 1588 dic·

93 1625 192 1686 tum,
217 1625 249 1674 et
277 1625 389 1676 status
424 1609 616 1698 aequilibris'
636 1626 748 1697 potest
773 1611 937 1696 appellari.

93 1697 227 1767 Gradus
254 1695 528 1766 verisimilitudinis
550 1716 697 1766 crescunt
724 1721 743 1762 a
766 1697 865 1763 dubio
880 1709 938 1762 us·

96 1810 164 1874 que
195 1785 237 1858 ad
271 1785 507 1856 certitudinem·
538 1789 568 1852 Si
596 1787 802 1876 probabilitas
835 1787 939 1852 minor

94 1878 135 1940 sit
181 1875 311 1942 dimidio
350 1877 577 1957 certitudinis,
614 1880 775 1945 incertum
809 1876 937 1958 dicitur,

96 1982 198 2049 atque
226 1963 278 2029 hic
305 1986 436 2054 quoque
458 1964 561 2032 varios
594 1966 710 2055 gradus
741 1966 808 2033 dari
831 1968 937 2033 mani-

95 2051 217 2120 festum
232 2070 291 2121 est·
786 2111 816 2144 ,Ι
936 2055 939 2064 ’

163 2141 260 2206 Simili
287 2142 407 2210 ratione
422 2141 463 2209 ad
485 2143 641 2209 calculum
663 2143 805 2208 revocari
832 2158 940 2232 potest

96 2230 290 2318 opinionum
319 2247 353 2297 et
381 2231 634 2298 testimoniorum
662 2231 881 2318 probabilitas.
910 2232 941 2296 Si

95 2318 218 2386 centies
248 2319 422 2386 audiverim
451 2321 609 2387 hominem
643 2337 820 2384 narrantem
846 2341 943 2405 quae·

98 2408 198 2485 dam,
222 2426 257 2472 ut
280 2406 414 2496 abipso
440 2411 530 2486 visa,
558 2427 590 2475 et
612 2407 794 2497 nonagesies
819 2423 944 2472 tanturn

98 2495 212 2562 verum
236 2495 378 2574 dixerit,
411 2496 515 2564 decies
541 2517 647 2564 autem
674 2499 821 2564 mentitus
836 2493 941 2575 fueritt

98 2585 155 2649 ttbi
185 2603 296 2672 postea
320 2585 397 2672 quid
427 2583 594 2666 narrabit,
624 2588 791 2653 testimonii
818 2583 947 2673 proba-

99 2671 204 2738 bilitas
234 2675 293 2740 etit
319 2673 360 2738 ad
393 2675 619 2742 certitudinem
654 2694 691 2742 ut
719 2698 763 2765 90
797 2673 837 2740 ad
867 2696 943 2755 roo,

101 2765 167 2828 sive
193 2779 228 2826 ut
252 2785 273 2851 t)
296 2762 337 2826 ad
369 2783 432 2840 10,
462 2763 639 2830 dummodo
655 2784 762 2830 tamen
784 2761 865 2832 hanc
889 2785 945 2828 so·

97 2851 163 2916 la'm
180 2853 348 2918 testimonii
364 2851 617 2936 probabilitatem
633 2852 845 2919 attendamus.
863 2854 944 2920 Ve-

103 2961 174 3004 rum
210 2940 252 3007 de
290 2939 448 3028 opinionis
485 2958 517 3008 et
551 2942 721 3008 testimonii
741 2939 946 3006 auctoritate
