2300 3506
226 198 251 266 6
473 215 670 268 tussim.
695 215 838 270 mltos.

226 290 290 366 rit,
307 281 405 354 m'ulta
418 283 522 356 t'amen
544 313 739 380 cognoscere
754 287 861 381 potuit
881 301 939 376 pcr
957 293 1063 358 scien·

226 380 301 442 tiam
316 381 594 463 experimentalem
607 429 616 455 ,
628 401 710 466 quae
725 381 756 444 in
770 382 947 446 universum
960 378 1064 446 dum-

224 483 313 531 taxat
329 487 421 532 antea
448 469 675 557 cognoscebat.
707 470 757 534 sic
780 489 949 558 postquam
974 470 1061 534 veti-

226 568 295 620 tum
311 550 450 620 fructum
470 561 558 642 primi
576 574 718 644 parentes
740 574 971 647 gustaverunt,
994 577 1062 622 sta-

226 641 284 706 tim
317 647 417 728 aperti
443 663 514 709 sunt
543 667 652 713 eorum
670 648 755 712 ocull
773 666 802 712 et
829 645 1063 735 experimentali

227 727 411 824 cognitione
424 753 456 798 se
472 736 574 800 nudos
599 758 665 801 esse
682 753 869 811 senserunt,
886 734 1062 821 appetitum

225 826 411 887 sentientem
434 827 545 888 rationi
569 825 718 891 rebellem
742 827 867 911 experti
884 840 982 899 sunt,
1008 839 1061 887 att·

164 917 169 932 ⁸
221 928 317 995 quea
335 909 472 995 perfecta
495 913 569 988 illa,
594 935 689 999 quam
711 934 729 978 a
759 911 830 978 Deo
859 928 1057 996 acceperant,

224 994 426 1086 philosophia
448 1003 630 1068 ceciderunt
648 1023 658 1080 ς
674 1023 772 1087 quum
796 1018 870 1066 ante
892 1018 1059 1086 peccatum

225 1107 302 1151 caro
318 1089 455 1172 spiritui
469 1094 616 1155 subiecta
638 1105 744 1169 esset,
768 1105 799 1155 er
815 1093 954 1179 spiritus
968 1087 1057 1155 Deo.

125 1208 129 1212 ,
224 1174 376 1239 Ceterum
391 1197 451 1253 ea,
474 1201 557 1262 quae
573 1178 700 1242 Adamo
720 1178 816 1250 tribui
842 1178 924 1242 solet
946 1175 1059 1263 philo·

225 1260 367 1348 sophia:
390 1265 441 1329 illa
466 1287 529 1331 non
561 1267 657 1334 debet
685 1267 815 1354 intelligi
838 1263 1059 1355 philosophiae

227 1353 374 1434 species,
396 1375 478 1439 quae
492 1354 654 1419 hominurn
682 1357 835 1444 ingenio,
858 1351 1060 1441 opinionum,

225 1437 541 1531 disputationumque
579 1445 729 1508 conflictu
769 1460 937 1510 exercetur
962 1459 1060 1528 atqup

223 1527 416 1615 perficitur,
449 1555 532 1618 qnae
568 1534 793 1620 ignorantiae,
819 1529 992 1596 curiositati
1026 1547 1060 1596 et

223 1613 422 1682 admirationi
441 1643 530 1686 suum
553 1620 648 1686 debet
667 1637 775 1686 ortum
794 1636 892 1706 atque
906 1637 1059 1708 progres-

225 1721 292 1766 sum
331 1703 437 1771 lnfusa
455 1711 579 1773 Adamo
595 1707 796 1796 philosophia
819 1705 878 1772 fuit
894 1727 969 1772 vera
983 1707 1059 1772 haee

223 1795 375 1883 sapientia
390 1817 474 1880 quae
491 1797 594 1862 in'Dei
611 1843 621 1875 ,
638 1798 685 1862 sui
701 1793 823 1886 ipsius,
841 1817 968 1861 suorum
980 1793 1060 1860 offi-

223 1879 343 1942 ciorum
372 1900 402 1947 et
435 1905 526 1951 verae
551 1883 708 1951 felicitatis
742 1884 923 1972 cognitione
948 1885 1057 1970 posita

224 1983 281 2030 cst.
302 1966 392 2032 Haec
413 1968 471 2034 fuit
489 1972 689 2063 philosophia
705 1971 930 2060 Protoparenti
944 1968 1059 2053 infusa,

226 2073 321 2143 quam
335 2056 438 2123 divina
452 2066 549 2150 gratia
565 2063 794 2141 simplicissimis
808 2083 939 2145 quoque
951 2059 1061 2126 tudio·

224 2143 376 2231 cibusque
403 2149 537 2221 iniundlr
564 2149 745 2216 homnibus.
767 2151 827 2216 Sed
851 2149 929 2216 haec
955 2169 1060 2237 pauca
1130 2203 1131 2211 ,

226 2231 311 2297 dicta
330 2235 392 2298 sint
403 2238 443 2306 de
461 2243 644 2324 quaestione
660 2239 811 2330 prolixius
826 2238 934 2326 agitari
951 2237 1058 2304 solita.

287 2321 362 2388 Post
381 2327 496 2392 Adami
523 2327 677 2416 Evaeque
703 2345 868 2413 peccatum
886 2370 896 2404 ,
915 2325 1060 2394 homines

220 2407 415 2498 ignorantiae
441 2435 473 2480 er
497 2437 635 2503 peccato
667 2416 796 2480 obnoxii
822 2415 906 2479 nasci
934 2435 1060 2496 coepe*-

220 2519 275 2576 re,
298 2519 396 2587 atque
426 2503 455 2564 in
481 2505 616 2570 tenebris
635 2502 843 2580 constituti,
872 2524 912 2567 ex
939 2503 1058 2592 quibus

220 2607 285 2650 non
303 2587 360 2652 nisi
377 2590 472 2678 longo
490 2594 596 2659 studio
617 2611 650 2660 et
664 2593 814 2680 improbo
829 2589 940 2657 labore
954 2613 1061 2664 emer·

220 2693 292 2761 gere
319 2697 507 2761 possumus,
534 2682 707 2749 adiuvante
731 2681 812 2755 illo,
843 2681 897 2767 qui
927 2697 975 2746 est
993 2681 1060 2747 lun
1127 2707 1130 2718 ¹

217 2764 333 2827 meandi
359 2780 392 2830 et
421 2791 524 2837 causa
550 2767 706 2858 effectrix
730 2765 984 2858 philosophiae,
1021 2787 1060 2836 ut

216 2847 391 2938 loquuntur
414 2857 551 2924 scholae.
576 2858 702 2936 Quibus
730 2876 835 2923 autem
859 2858 1059 2926 incrementis

210 2956 287 3027 post
294 2940 386 3032 primi
396 2943 536 3015 Parentis
549 2965 735 3040 peccatum,
750 2945 949 3038 offusamque
957 2946 1060 3014 menti
