2298 3418
187 83 232 151 ‘18
448 95 641 156 intuitur,
673 91 828 140 muoso

189 165 552 238 citriuivirerueolent.
566 161 660 242 Nihil
672 161 971 246 videreturpnstea
982 155 1073 226 boni·
1135 217 1136 220 ,

189 249 1073 344 nibusexpetendummitiutmorbisotnnibuscarerent,

192 351 328 433 talisque
339 345 403 411 vita
413 361 575 412 aeternum
585 341 729 417 duratur
741 340 936 420 autsaltem,
950 341 977 404 si
992 337 1075 405 amit·

193 435 293 506 tenda
304 451 398 512 esset,
408 433 468 507 alia
482 451 546 496 uon
561 428 702 502 deterior
718 429 913 496 succederet.
930 428 1019 493 Hinc
1033 449 1078 494 se·
1133 509 1134 512 Ἴ

220 531 326 604 uitur,
340 517 519 598 tot-botta„
533 540 617 604 quae
633 518 738 584 aDeo
754 519 956 602 accepimus,
972 517 1077 588 omnia
1128 526 1134 573 i

195 548 302 678 intuta
312 629 380 676 esse
392 607 509 688 inania,
520 607 579 672 nisi
594 624 750 696 perpetua
761 603 907 672 felicitate
920 604 1072 678 fruamur.

196 693 282 768 Nam
310 699 452 786 quamvis
481 697 573 762 bonis
598 692 748 770 omnibus
769 714 851 781 quae
876 695 907 756 in
932 693 990 761 hac
1005 692 1072 758 vita

197 789 328 854 mortali
347 803 480 873 possunt
503 783 707 872 comparari,
730 781 904 850 frueremur
917 805 927 859 ;
942 779 1070 870 quaudo

198 878 236 960 iis
249 878 422 956 carendum
437 869 519 954 bseet
537 893 568 939 et
584 871 807 952 moriendum,
831 889 909 936 tunc
924 867 1069 958 temporis

199 965 370 1056 praeterita
381 960 485 1027 omnia
500 960 584 1026 bona
597 963 695 1038 veluti
711 961 909 1026 invenenum
924 978 1066 1024 conversa

198 1051 664 1128 uosaoerbissinrecnuciarent.
674 1047 740 1119 Iarn
750 1050 861 1114 verosi
877 1049 1067 1115 moriendum

200 1164 283 1222 osset
300 1145 364 1218 tine
381 1141 444 1218 ulia
459 1137 825 1226 opeiuttrraeposthanc
836 1137 934 1202 vitarn
948 1138 1070 1206 beatitu·

199 1232 280 1297 dinis
290 1277 313 1312 ,.
329 1229 506 1303 beneticurn
526 1230 749 1316 optimumque
771 1247 891 1294 numen
916 1244 968 1296 tot
988 1225 1071 1290 bonis

199 1322 362 1396 rideretur
379 1319 626 1390 nosoonrulatse
642 1339 708 1383 non
733 1313 957 1381 benefaciendi
971 1335 1071 1391 causa,

149 1420 152 1428 ²
200 1408 256 1476 ted
269 1408 377 1496 potius
387 1405 619 1480 adirrirandarn
631 1425 774 1473 nostram
786 1405 1007 1492 cupiditatem,
1021 1403 1072 1468 cui

200 1515 308 1576 tarnen
321 1494 407 1560 nulia
419 1495 542 1572 ,ratione
551 1492 744 1558 satisfactum
754 1493 850 1558 vellet
860 1495 920 1572 ita,
929 1491 1073 1578 utaliqua

205 1584 408 1652 beatitudinis
418 1600 507 1672 parte
516 1583 613 1648 veluti
625 1583 713 1654 nobis
727 1599 875 1658 ostensa,
890 1605 962 1650 eant
973 1581 1073 1646 subito

204 1695 396 1759 omnemque
408 1695 496 1757 sporn
508 1671 646 1760 eriperet
656 1685 669 1748 ,'
683 1690 714 1738 et
729 1691 787 1734 nos
803 1672 844 1736 ad
856 1672 995 1750 nltimam
1009 1671 1073 1734 dei·

206 1763 403 1848 perationem
426 1761 584 1849 adigeret,
600 1782 665 1846 quo
680 1761 808 1848 quidem
825 1760 993 1824 crudelius·
1004 1755 1073 1822 nihii

202 1851 267 1918 fieri
283 1867 401 1938 potest,
422 1845 523 1936 Igitur
535 1867 589 1913 aut
601 1870 672 1914 eunr
683 1865 858 1935 ,aquorot
873 1869 906 1914 et
919 1865 1005 1913 tanta
1018 1845 1074 1912 be·

201 1941 314 2008 ,neticia
332 1935 447 2012 collata
464 1955 538 2002 sunt
550 1983 560 2016 ,
572 1937 723 2010 ¹omniurn
740 1927 992 2004 crudelissimum
1006 1957 1077 2014 esse,

203 2026 377 2111 dicendum
397 2044 496 2104 esset,
521 2044 576 2091 aut
593 2025 632 2094 ab
654 2050 692 2093 eo
705 2026 817 2114 negari
838 2023 1076 2101 beatitudinem,

207 2119 281 2203 qnia
298 2136 367 2182 earn
382 2113 457 2180 dare
473 2137 537 2182 non
555 2131 672 2202 potest.
696 2114 787 2180 Prius
802 2116 935 2202 impium
956 2117 1077 2178 omnino

206 2224 255 2270 est
270 2221 302 2270 et
318 2204 473 2291 iniquum.
492 2203 617 2270 Etenitn
632 2204 686 2290 qni
702 2201 795 2268 nobis
810 2221 859 2269 tot
874 2221 907 2270 et
924 2221 1014 2286 tanta
1029 2203 1079 2269 de·

204 2295 251 2360 dir
265 2291 414 2360 bonitatis
429 2291 570 2370 indicia,
589 2291 882 2358 hunc'crudeiitatis
898 2309 1080 2380 suspectum

205 2382 322 2464 habere
344 2429 354 2460 ,
377 2383 509 2466 impium
532 2381 624 2446 simul
647 2398 678 2448 et
704 2380 845 2468 iniquum
867 2397 925 2446 est.
955 2381 1081 2468 AEque

205 2471 381 2538 absurdum
396 2489 444 2534 est
458 2472 582 2548 dicere,
599 2471 704 2540 Deum
719 2492 784 2536 non
800 2491 892 2557 posse
908 2469 1002 2536 nobis
1017 2469 1082 2536 bea·

206 2550 378 2635 'titudinem
394 2560 481 2624 dare.
496 2559 562 2636 Qui
574 2561 783 2647 errim·potuit
801 2557 925 2638 efficere
942 2603 953 2636 ,
970 2578 1084 2625 utente

203 2647 433 2731 irrciperetnus3
451 2669 508 2730 ran
521 2669 583 2712 non
598 2649 716 2734 poterit
731 2644 874 2726 efiicere3
891 2665 927 2712 ut
941 2666 997 2711 aut
1014 2665 1083 2734 pars

204 2738 311 2812 nostri
329 2755 401 2818 potr,
418 2751 551 2804 mortem
567 2755 694 2804 aeterna
712 2737 776 2814 sit,
804 2757 858 2802 aut
874 2755 962 2802 totns
992 2735 1086 2800 homo

206 2823 305 2900 etiarn
321 2819 429 2896 denuo
445 2824 552 2888 uiuat?
569 2824 728 2889 Posterius
744 2825 910 2890 certe-non
928 2842 974 2888 est
991 2824 1088 2910 priori

203 2905 487 2999 diffindunt-nlntio
514 2911 613 2996 igitnn
635 2912 783 3001 colligere
800 2913 872 2990 licet
897 2957 906 2991 ,
928 2912 1037 2976 Deum
1059 2927 1089 2978 et

205 2998 471 3102 inlitaspnpotte
496 3017 711 3072 nosaaeterut
732 3001 856 3084 donare
879 2999 1088 3080 beatitudine,
