2326 3438
235 117 276 182 rs
464 132 652 185 rnsrrrvr.
676 131 809 186 enisos.
1152 199 1153 202 Ἴ

229 205 338 286 Quare
365 224 402 272 ut
431 207 551 298 aliquid
579 204 733 296 probetur
763 227 833 272 esse
853 203 920 274 sine
942 207 1069 278 rationo

228 294 402 363 sullicieme
421 344 443 380 ,⁸
466 295 586 362 ratione
615 295 721 380 aliqua
747 297 799 360 vel
826 297 975 384 exemplo
1004 299 1069 364 ali·
1152 307 1153 360 ὲ

228 405 295 471 qun
319 385 447 451 ostendi
469 384 593 463 debet,
623 383 741 449 nullam
764 397 829 448 esse
854 406 945 470 posse
965 389 1072 452 ratio-

229 494 300 536 nem
317 474 524 540 sufficientem
542 516 553 553 ,
581 470 670 561 quod
687 471 814 558 quidem
835 473 919 538 nulla
936 472 1073 546 ratione

229 559 383 646 nulloque
411 562 562 648 exemplo
590 577 697 648 potest
728 558 968 627 demonstran.-

234 699 240 707 .
296 645 375 713 lnst.
408 651 437 716 Si
461 651 536 715 nihil
558 666 637 715 esset
656 649 720 714 sine
744 649 864 716 ratione
887 647 1069 720 sufficiente

229 736 263 802 in
286 738 408 803 mundo
428 737 604 816 materiali,
630 757 675 804 res
698 738 870 804 materiales
891 741 1069 808 existerent

230 830 430 905 necessari03
461 823 573 892 falsum
596 841 793 912 consequens
811 847 821 903 3
845 849 921 918 ergo
942 845 974 893 et
995 845 1066 894 ant.

228 913 329 1002 Resp,
360 917 405 981 N.
435 938 502 1004 seq.
528 914 601 980 mai.
629 913 755 980 Etenim
776 936 824 980 res
845 917 915 982 illae
936 933 1065 983 tantum
1152 989 1153 992 ,

231 1020 305 1068 sunt
331 1008 544 1082 necessariae,
574 1025 708 1091 quarum
725 1005 805 1068 ratio
826 1002 985 1070 sufficiens
1003 1027 1060 1073 cor
1152 993 1153 1076 l

231 1095 366 1159 existant
384 1140 394 1175 ,
422 1093 455 1158 in
470 1096 670 1182 ipsarummet
685 1093 938 1159 rerumessentia
952 1095 1061 1159 comi·

230 1200 350 1260 netur,
379 1200 415 1248 ut
430 1182 631 1249 ostendemus
647 1179 807 1270 deinceps.
838 1180 936 1246 Ratio
955 1203 1066 1250 autem
1152 1237 1153 1250 2

229 1267 389 1336 sufficiens
419 1291 477 1336 cur
511 1291 560 1336 res
597 1270 768 1334 materiales
800 1269 937 1358 existant
954 1317 966 1350 ,
996 1282 1066 1338 nou
1152 1271 1153 1274 ’

229 1362 413 1426 continetur
433 1359 465 1424 in
488 1359 556 1446 ipsa
584 1379 688 1424 rerum
717 1359 849 1425 essentia
863 1382 879 1446 ςΙ
904 1358 959 1424 sed
986 1375 1065 1426 tan·
1152 1409 1153 1442 r

209 1515 210 1522 ,
228 1463 298 1516 tum
315 1447 346 1512 in
364 1447 530 1514 voluntate
545 1446 651 1515 divina
665 1492 677 1524 ,
704 1444 862 1512 beneficio
874 1449 963 1512 cuius
978 1449 1068 1514 exis·

121 1537 123 1545 ’
224 1555 332 1616 runt,
367 1559 404 1602 ac
442 1537 582 1625 proinde·
605 1549 677 1598 'non
706 1537 845 1601 existunt
874 1539 1066 1607 necessario.

226 1621 268 1696 ln
293 1625 351 1695 hac
375 1625 553 1691 obiectione
574 1621 614 1689 de
636 1642 737 1688 rerum
753 1624 961 1690 materialium
979 1626 1063 1692 exis*

228 1715 329 1778 tentia
342 1714 509 1779 dumtaxat
527 1731 628 1778 sermo
645 1728 702 1776 est.
731 1711 831 1789 Quod
845 1730 951 1778 autem
968 1707 1061 1800 spec-

228 1819 275 1866 tat
298 1802 342 1867 'ad
365 1798 547 1866 sufficientis
573 1801 702 1865 rationis
726 1799 915 1888 principium
943 1801 974 1866 in
1000 1821 1061 1866 ac-

227 1889 367 1954 tionibus
401 1887 537 1968 liberis,
570 1887 794 1978 gravissimam
818 1889 897 1953 hanc
932 1905 966 1954 et
999 1887 1067 1957 dil·-

227 1979 397 2044 ficillimam
422 1980 637 2066 quaestionem
662 1977 774 2042 deinde
799 1977 1064 2058 examinabimnsr

227 2083 399 2154 postquam
431 2061 549 2136 scilicet
576 2065 744 2151 explicam
763 2061 882 2132 fuerint
910 2067 1059 2153 plurima,
1152 2091 1153 2140 ι

195 2171 197 2176 ·
226 2179 312 2244 quae
333 2156 373 2221 ad
400 2174 543 2222 naturam
566 2154 686 2220 animae
708 2152 857 2242 illiusque
883 2152 1061 2222 libertatem
1152 2169 1153 2190 ³

224 2245 397 2334 pertinent.
426 2244 535 2322 Quare
556 2241 634 2315 haec
653 2264 754 2330 pauca
778 2243 893 2309 dixisse
915 2243 989 2310 satis
1005 2246 1060 2310 sit.-
1152 2241 1153 2326 j

223 2335 378 2402 Eamdem
398 2334 613 2422 quaestionem
628 2335 851 2420 opportuniori
874 2331 947 2396 loco
959 2380 972 2418 ,
997 2331 1061 2399 da·
1152 2347 1153 2364 ²

223 2440 257 2490 ta
286 2422 404 2489 deinde
431 2425 626 2498 occasione,
652 2421 883 2486 revocabimus.
1152 2501 1153 2512 ἵ

226 2549 229 2559 ‹
290 2515 445 2578 Ceterum
459 2533 498 2575 ex
515 2509 607 2574 dictis
622 2527 732 2596 patet,
759 2509 887 2574 rationis
902 2505 1062 2576 sufficien-
1090 2521 1093 2528 '

224 2597 265 2665 tis
289 2599 480 2688 principium
501 2593 657 2662 confundi
682 2619 748 2662 non
771 2595 885 2664 debere
904 2619 976 2662 cum
997 2618 1061 2663 an·

225 2691 316 2774 tiquo
332 2686 591 2754 scholasticorum
615 2686 796 2751 axiomates
825 2683 905 2750 nihil
920 2702 970 2751 ere
991 2691 1062 2752 sine

223 2797 340 2843 causa.
370 2773 419 2839 lta
452 2775 542 2840 Deus
572 2773 748 2837 necessario
778 2775 910 2838 existens
939 2776 1063 2841 nullam

223 2862 339 2936 habere
354 2879 461 2952 potest
478 2863 662 2928 existentiae
683 2881 758 2928 suae
780 2882 933 2940 eausam3
961 2861 1065 2930 habet
