2270 3416
230 121 315 172 aaut
338 117 561 170 rensuum.
603 117 750 167 οΑΜιῐ.
889 97 950 189 ias
985 139 989 146 ·

39 195 114 285 ρκ’
132 213 168 259 sc
187 214 336 272 cutam,
352 205 471 278 utpote,
495 190 569 276 quia
595 187 635 253 ad
668 187 952 269 intellectumve

50 304 159 348 aurern
181 282 448 347 adarolumarem
472 281 607 365 pertinet
627 277 734 344 videre
761 279 898 356 bonurn,
922 281 954 346 in

51 371 144 456 quod
169 370 314 447 ruluurar
352 368 469 445 fertur,
501 383 534 431 er
567 365 700 442 malurn,
735 369 824 454 quod
858 367 953 456 fngir3

50 461 329 543 quamuis-revera
347 457 432 524 idem
459 456 498 520 sit
517 457 637 519 animus
653 455 807 542 simplex,
830 459 884 545 qui
911 459 955 520 iu·

52 547 170 636 tellig'u
193 547 319 613 mvelt.
346 542 623 632 iraquevolunras
642 543 792 630 seipsam
813 545 956 611 deterrui·

51 655 134 713 nat„
164 635 220 700 sel
250 635 291 700 de
315 633 471 698 endenter
490 629 535 696 ab
554 631 726 697 intellectu.
750 635 834 700 Hinc
857 635 955 722 uulgo

52 724 170 792 dicitur
190 727 233 787 :in
264 657 378 788 scleris
402 765 412 799 ,
437 720 628 790 ,libertarent
658 741 726 786 esse
755 721 955 790 radicaliter

51 814 82 882 in
105 811 270 876 intellectu
293 830 324 875 et
339 805 534 888 formaliter
546 811 576 871 in
594 808 783 888 voluntate,
807 810 870 875 ltoc
891 826 953 892 eet,

50 902 206 966 ratium:
223 921 280 962 seu
309 895 431 960 initiunt
454 895 546 962 liberi
572 895 688 960 arbitrii
715 919 785 964 esse
803 900 832 961 in
856 900 956 965 intel-

50 982 538 1072 leetu1,=·0rmplemenrnmvero
560 1000 593 1048 et
612 983 759 1063 formam
781 990 811 1049 in
833 989 956 1051 volun·

50 1093 143 1150 tates
165 1092 322 1160 quatenus
344 1075 492 1138 voluntas
517 1095 555 1137 ex
579 1073 684 1136 tnultis
717 1073 757 1140 ab
791 1074 955 1140 intellectu
1020 1089 1022 1096 ’

49 1163 234 1252 presseritis
261 1177 450 1250 potestatem
476 1159 570 1226 habet
594 1159 728 1248 eligendi
750 1181 848 1228 unum
878 1157 955 1251 prae

54 1269 178 1317 ceteris.
922 1296 933 1308 „

121 1339 204 1404 Jnsr.
232 1361 258 1405 r.
286 1337 411 1402 Moriva
442 1337 493 1402 illa
522 1334 562 1400 ab
592 1333 755 1402 intellectu
787 1339 954 1426 proposita

53 1428 256 1494 necessitatem
295 1424 534 1492 antecedentem
577 1423 723 1489 adl'erunt
771 1427 983 1506 rroluntari3v

54 1537 131 1602 ergo
150 1517 295 1579 voluntas
318 1535 382 1578 non
402 1516 459 1578 erit
479 1512 586 1578 libera
607 1512 705 1598 Resp.
723 1513 770 1576 N.
786 1531 852 1578 ant.
869 1515 954 1582 Nam

46 1603 214 1667 iudicium
244 1603 423 1667 intellectus
439 1637 462 1679 ‚·
480 1623 547 1688 quo
575 1598 736 1665 obiectum
764 1602 954 1688 particulare

55 1691 112 1756 silri
131 1709 342 1778 repraesentat
367 1687 663 1776 tamquambonum
684 1691 736 1754 sel
758 1691 895 1770 malunt,
915 1691 955 1756 li-

53 1779 166 1844 berum
191 1795 259 1857 est,
286 1777 428 1865 illudque
449 1778 597 1841 voluntas
626 1795 748 1842 murare
770 1795 877 1866 potest
898 1795 954 1844 aut

53 1865 266 1953 suspendere)
291 1884 322 1931 et
339 1865 413 1932 ideo
430 1866 515 1930 nulla
530 1864 589 1932 'erit
606 1865 772 1932 necessitas
794 1865 954 1948 absoluta,

59 1975 142 2044 quae
168 1955 342 2021 libertatern
360 1953 453 2018 tollit.
941 1971 947 2008 r
972 1967 987 2002 c

47 2076 52 2092 -·
120 2041 204 2108 Just.
230 2063 260 2107 a.
276 2041 418 2106 Libertas
436 2042 563 2106 'animae
578 2043 721 2106 consistit
744 2043 775 2106 in
802 2039 956 2114 facultate

53 2128 371 2197 assedererrninnndi
394 2131 459 2196 sine
475 2129 618 2209 motivis,
640 2146 733 2216 atque
756 2131 850 2195 etiarn
871 2153 955 2196 con-

56 2237 108 2283 tra
127 2219 261 2303 moritu
286 2238 362 2306 ergo
382 2219 498 2282 motiva
516 2217 693 2283 libertatern
708 2219 836 2282 tollunt.
852 2218 955 2308 Resp.

55 2303 102 2371 N.
121 2323 189 2370 ant.
212 2305 300 2394 quod
323 2305 363 2370 ad
380 2305 510 2394 primaru
533 2323 675 2392 partem,
703 2321 737 2369 et
764 2305 837 2368 dist.
864 2306 955 2392 quod

56 2395 98 2460 ad
115 2395 298 2460 secundam:
318 2394 443 2460 libertas
469 2391 590 2460 animae
605 2393 747 2459 consistit
761 2393 792 2456 in
805 2391 955 2462 facultate
979 2411 980 2414 ’

55 2505 124 2548 sese
154 2481 378 2548 dererntinandi
400 2499 513 2548 contra
529 2483 649 2546 motiva
663 2481 877 2546 antecedentia
899 2504 955 2568 per

53 2569 257 2635 alia—motiva
284 2571 522 2648 consecuturis,
550 2571 614 2648 C.‚
639 2571 702 2635 sine
730 2571 796 2635 aliis
810 2572 954 2653 mutius,

39 2659 104 2723 -Ν,
126 2653 242 2744 Itaque
264 2660 401 2735 motiva,
422 2677 458 2722 ut
480 2661 540 2722 iam
564 2659 719 2738 diximus,
734 2655 890 2725 ioluntari
904 2684 956 2730 ne·

54 2745 234 2812 cessitatem
257 2745 382 2846 minime
408 2747 596 2834 imponunt,
622 2747 676 2812 sed
706 2750 807 2814 anima
836 2750 955 2814 omissis

43 2831 215 2923 ,prioribus
230 2835 354 2899 motivis
369 2835 427 2898 alis
443 2836 499 2899 sibi
517 2853 752 2923 repraesentare
775 2853 881 2922 potest
896 2854 955 2924 pto

37 2923 189 2988 -arbirrio
214 2943 293 2998 suo,
321 2943 351 2987 et
379 2945 436 3010 per
456 2923 515 2985 ista
532 2924 640 2986 ultima
664 2945 731 2988 sese
747 2925 955 2995 determinare
976 2940 978 2943 ’

32 3011 100 3077 ad
120 3010 279 3098 agendum
293 3011 344 3075 vel
358 3031 422 3075 non
444 3011 599 3097 agendum
607 3034 622 3088 ;
640 3029 796 3098 quatenus
810 3013 953 3076 nimirum
973 3025 974 3028 ’
