2258 3428
249 213 314 287 134
499 207 703 257 susurrus.
725 204 868 255 unicos.

478 363 761 437 nurrcvrvs
784 361 849 450 111.

536 543 593 612 De
621 541 788 612 divisione.

245 717 333 878 D
334 811 425 876 irrisis
449 808 575 875 definiri
591 809 694 875 soleta
719 809 825 874 oratio
848 804 999 874 dividens
1030 821 1078 872 to·

243 915 313 969 iam
336 902 369 965 ier
386 917 525 986 partes,
557 903 626 964 sive
646 896 820 984 explicans
838 919 905 962 rem
921 919 979 977 per
992 919 1078 983 par·

244 1005 306 1057 tes.
335 986 451 1076 Itaque
463 987 629 1053 divisionis
645 987 764 1051 utilitas
781 1005 851 1053 ests
884 1000 933 1047 ra
952 985 1008 1054 Vt
1028 1007 1077 1051 to-

243 1081 305 1144 tius
321 1077 536 1164 cognitionem
553 1076 736 1144 distinctam
752 1072 971 1162 acquiramus,
989 1073 1076 1162 quod

175 1242 181 1249 ,
242 1167 356 1254 utique
370 1168 429 1242 n't,
457 1187 555 1250 quum
571 1187 619 1230 res
634 1209 645 1244 ,
668 1185 748 1250 quae
763 1185 828 1228 uno
845 1181 1023 1248 prospectu
1037 1164 1077 1226 vi·
1102 1171 1103 1248 ζ

189 1307 194 1316 .
244 1255 309 1321 deri
333 1277 395 1318 non
412 1271 518 1342 potest
539 1255 596 1320 nisi
617 1250 777 1330 confuse,
808 1243 987 1340 partiarius
1007 1253 1077 1341 dig·
1102 1307 1103 1336 ,

242 1342 406 1410 noscenda
432 1342 637 1428 proponitur.
665 1343 800 1410 11.th
831 1363 894 1418 ea,
922 1361 1007 1427 quae
1043 1337 1103 1418 adl

242 1447 347 1500 tutum
372 1430 559 1517 pertinent,
581 1429 623 1496 ad
645 1448 733 1496 certa
756 1428 918 1508 divisionis
942 1429 1078 1496 membra
1102 1431 1103 1480 3

244 1542 301 1588 seu
318 1522 422 1610 capita
444 1520 662 1599 reducantur,
687 1537 785 1608 atque
800 1517 844 1584 ita
864 1515 984 1584 facilius
1010 1543 1077 1586 me·
1102 1481 1103 1554 l

244 1631 344 1678 morra
369 1627 552 1676 teneantur.

290 1697 335 1766 ll.
383 1697 491 1764 Partes
522 1697 618 1776 illae,
647 1717 730 1783 quae
764 1711 992 1760 enumerantur
1022 1710 1074 1760 ant

245 1787 506 1877 distinguuntur,
535 1787 585 1850 uel
612 1786 825 1852 continentur-
840 1783 1021 1850 actualiter
1043 1785 1075 1847 in

244 1892 318 1940 toto
336 1921 345 1949 ‚
367 1889 399 1938 et
417 1869 569 1946 actuales
584 1889 764 1952 vocantur,
788 1873 838 1938 vel
854 1874 1076 1939 tantummodo

245 1962 364 2028 suntin
390 1965 567 2046 porentia,
596 1959 658 2025 hnc
682 1981 758 2039 est,
786 1979 892 2025 totum
913 1961 977 2026 illas
999 1962 1079 2045 qui·
1102 2005 1103 2014 η

245 2051 316 2120 dein
335 2071 398 2116 non
417 2047 541 2127 habet,
570 2050 626 2116 sed
641 2049 758 2116 habere
775 2069 882 2136 potest
900 2095 910 2128 ,
929 2051 1081 2136 ideoque

238 2136 442 2230 potentiales
470 2139 638 2220 dicuntur„
654 2137 684 2202 Si
709 2155 813 2223 partes
837 2140 939 2205 totius
964 2135 1083 2206 fuerint

244 2230 406 2305 actuales,
432 2227 544 2294 divisio
570 2248 652 2314 quae
671 2226 736 2292 ilias
760 2246 885 2313 separat
913 2229 978 2294 sive
1002 2250 1080 2294 euu-

243 2337 369 2394 metat,
401 2317 515 2384 dicitur
541 2314 699 2381 actualis.
732 2314 874 2404 Physica
898 2319 1027 2404 quidem
1057 2313 1103 2381 si

244 2424 352 2494 partes
372 2405 442 2472 illae
459 2405 612 2494 physicae
637 2401 778 2482 fuerint;
803 2406 866 2474 hoc
882 2423 956 2484 est,
986 2409 1010 2471 si
1026 2406 1081 2468 in·

243 2495 344 2560 vicem
368 2493 490 2560 realiter
511 2495 571 2558 sint
588 2492 782 2571 distinctae,
811 2515 847 2558 nt
863 2493 1001 2560 huminis
1022 2496 1085 2560 alia

244 2603 317 2670 pars
329 2600 379 2648 est
395 2581 520 2660 anima,
541 2581 599 2646 alia
617 2602 745 2670 corpus.
777 2582 1013 2671 Metaplryrica
1027 2607 1086 2650 ve·

243 2693 304 2751 to,
327 2673 350 2736 si
366 2690 471 2758 partes
490 2671 578 2756 ipsae
591 2668 828 2754 metaphysicae
843 2669 962 2756 luerint
976 2721 989 2751 ,
1017 2671 1085 2738 hoc
1102 2673 1103 2730 ἶ

244 2777 316 2838 est3
340 2761 372 2824 'si
405 2758 541 2827 invicem
571 2756 734 2825 distinctae
762 2782 825 2824 non
854 2760 915 2823 sint
944 2763 1103 2841 realiter„

244 2848 299 2914 sed
317 2865 440 2913 tantum
464 2871 521 2936 pet
539 2867 700 2924 mentem,
728 2866 762 2911 ut
784 2849 918 2912 hominis
934 2851 995 2914 alia
1009 2867 1103 2939 pars?

244 2953 293 3010 est
307 2936 503 3020 animalitas,
517 2935 575 3006 alia
590 2938 796 3008 rationalitas.
824 2936 1009 3028 integralis
1022 2941 1103 3008 de-¹
