<?xml version="1.0" encoding="UTF-8"?>
<!DOCTYPE html PUBLIC "-//W3C//DTD XHTML 1.0 Transitional//EN"
    "http://www.w3.org/TR/xhtml1/DTD/xhtml1-transitional.dtd">
<html xmlns="http://www.w3.org/1999/xhtml" xml:lang="en" lang="en">
 <head>
  <title>
</title>
<meta http-equiv="Content-Type" content="text/html;charset=utf-8" />
  <meta name='ocr-system' content='tesseract 3.04.00' />
  <meta name='ocr-capabilities' content='ocr_page ocr_carea ocr_par ocr_line ocrx_word'/>
</head>
<body>
  <div class='ocr_page' id='page_1' title='image "./institutionesph00jacqgoog_0056.png"; bbox 0 0 2300 3506; ppageno 0'>
   <div class='ocr_carea' id='block_1_1' title="bbox 282 277 911 356">
    <p class='ocr_par' dir='ltr' id='par_1_1' title="bbox 282 277 911 356">
     <span class='ocr_line' id='line_1_1' title="bbox 282 277 911 356; baseline 0 -30"><span class='ocrx_word' id='word_1_1' title='bbox 282 279 440 328; x_wconf 67' lang='lat' dir='ltr'>:octonis</span> <span class='ocrx_word' id='word_1_2' title='bbox 462 277 642 330; x_wconf 72' lang='lat' dir='ltr'>Qvnnstto</span> <span class='ocrx_word' id='word_1_3' title='bbox 664 280 705 326; x_wconf 91' lang='lat'>11.</span> <span class='ocrx_word' id='word_1_4' title='bbox 870 287 911 356; x_wconf 65' lang='grc'>33</span> 
     </span>
    </p>
   </div>
   <div class='ocr_carea' id='block_1_2' title="bbox 10 397 919 732">
    <p class='ocr_par' dir='ltr' id='par_1_2' title="bbox 79 397 919 465">
     <span class='ocr_line' id='line_1_2' title="bbox 79 397 919 465; baseline -0.007 -3"><span class='ocrx_word' id='word_1_5' title='bbox 79 397 142 462; x_wconf 80' lang='lat' dir='ltr'>An</span> <span class='ocrx_word' id='word_1_6' title='bbox 157 408 333 460; x_wconf 76' lang='lat' dir='ltr'>serenatas</span> <span class='ocrx_word' id='word_1_7' title='bbox 354 413 478 462; x_wconf 69' lang='lat' dir='ltr'>sautu</span> <span class='ocrx_word' id='word_1_8' title='bbox 498 412 767 462; x_wconf 72' lang='lat' dir='ltr'>uzautomoass</span> <span class='ocrx_word' id='word_1_9' title='bbox 784 415 828 460; x_wconf 79' lang='lat' dir='ltr'>aa·</span> <span class='ocrx_word' id='word_1_10' title='bbox 848 417 919 465; x_wconf 82' lang='lat' dir='ltr'>uu.</span> 
     </span>
    </p>

    <p class='ocr_par' dir='ltr' id='par_1_3' title="bbox 10 501 919 732">
     <span class='ocr_line' id='line_1_3' title="bbox 10 501 919 556; baseline 0.006 -8"><span class='ocrx_word' id='word_1_11' title='bbox 10 521 19 556; x_wconf 64' lang='lat' dir='ltr'>t</span> <span class='ocrx_word' id='word_1_12' title='bbox 109 502 226 548; x_wconf 71' lang='lat' dir='ltr'>naono</span> <span class='ocrx_word' id='word_1_13' title='bbox 240 503 351 548; x_wconf 82' lang='lat' dir='ltr'>uruvs</span> <span class='ocrx_word' id='word_1_14' title='bbox 366 501 566 550; x_wconf 77' lang='lat' dir='ltr'>acovnara</span> <span class='ocrx_word' id='word_1_15' title='bbox 584 501 861 550; x_wconf 76' lang='lat' dir='ltr'>runrnacraras</span> <span class='ocrx_word' id='word_1_16' title='bbox 879 507 919 553; x_wconf 85' lang='lat' dir='ltr'>nt</span> 
     </span>
     <span class='ocr_line' id='line_1_4' title="bbox 10 590 918 651; baseline 0.002 -15"><span class='ocrx_word' id='word_1_17' title='bbox 10 599 13 646; x_wconf 35' lang='grc' dir='ltr'><strong>ᾗ</strong></span> <span class='ocrx_word' id='word_1_18' title='bbox 109 590 221 637; x_wconf 76' lang='lat' dir='ltr'>srasv</span> <span class='ocrx_word' id='word_1_19' title='bbox 247 590 428 638; x_wconf 74' lang='lat' dir='ltr'>nunaunt-o</span> <span class='ocrx_word' id='word_1_20' title='bbox 454 590 716 636; x_wconf 68' lang='lat' dir='ltr'>conuanauons</span> <span class='ocrx_word' id='word_1_21' title='bbox 736 618 745 651; x_wconf 92' lang='lat'>,</span> <span class='ocrx_word' id='word_1_22' title='bbox 762 595 918 642; x_wconf 71' lang='lat' dir='ltr'>sarouv-</span> 
     </span>
     <span class='ocr_line' id='line_1_5' title="bbox 107 676 915 732; baseline 0.009 -7"><span class='ocrx_word' id='word_1_23' title='bbox 107 679 150 726; x_wconf 72' lang='grc' dir='ltr'>τε</span> <span class='ocrx_word' id='word_1_24' title='bbox 174 679 391 726; x_wconf 70' lang='lat' dir='ltr'>sacerrima</span> <span class='ocrx_word' id='word_1_25' title='bbox 414 679 476 726; x_wconf 79' lang='lat' dir='ltr'>sss</span> <span class='ocrx_word' id='word_1_26' title='bbox 507 679 638 724; x_wconf 74' lang='lat' dir='ltr'>tonsos</span> <span class='ocrx_word' id='word_1_27' title='bbox 662 676 915 732; x_wconf 72' lang='lat' dir='ltr'>narraremus.</span> 
     </span>
    </p>
   </div>
   <div class='ocr_carea' id='block_1_3' title="bbox 15 789 931 3086">
    <p class='ocr_par' dir='ltr' id='par_1_4' title="bbox 50 789 916 1054">
     <span class='ocr_line' id='line_1_6' title="bbox 50 789 915 882; baseline 0.005 -24"><span class='ocrx_word' id='word_1_28' title='bbox 50 816 54 822; x_wconf 74' lang='grc'><em>“</em></span> <span class='ocrx_word' id='word_1_29' title='bbox 149 791 193 858; x_wconf 88' lang='lat' dir='ltr'>Id</span> <span class='ocrx_word' id='word_1_30' title='bbox 217 789 345 882; x_wconf 89' lang='lat' dir='ltr'>quidem</span> <span class='ocrx_word' id='word_1_31' title='bbox 374 791 535 857; x_wconf 83' lang='lat' dir='ltr'>contrariis</span> <span class='ocrx_word' id='word_1_32' title='bbox 561 789 730 857; x_wconf 88' lang='lat' dir='ltr'>rationibus</span> <span class='ocrx_word' id='word_1_33' title='bbox 753 791 915 882; x_wconf 84' lang='lat' dir='ltr'>probatur.</span> 
     </span>
     <span class='ocr_line' id='line_1_7' title="bbox 81 880 916 969; baseline 0.006 -22"><span class='ocrx_word' id='word_1_34' title='bbox 81 882 214 948; x_wconf 83' lang='lat' dir='ltr'>Etenim</span> <span class='ocrx_word' id='word_1_35' title='bbox 248 881 303 969; x_wconf 89' lang='lat' dir='ltr'>qui</span> <span class='ocrx_word' id='word_1_36' title='bbox 342 882 430 950; x_wconf 83' lang='lat' dir='ltr'>nulla</span> <span class='ocrx_word' id='word_1_37' title='bbox 460 880 577 968; x_wconf 80' lang='lat' dir='ltr'>logicae</span> <span class='ocrx_word' id='word_1_38' title='bbox 615 881 777 946; x_wconf 83' lang='lat' dir='ltr'>artificialis</span> <span class='ocrx_word' id='word_1_39' title='bbox 803 886 916 952; x_wconf 78' lang='lat' dir='ltr'>notitia</span> 
     </span>
     <span class='ocr_line' id='line_1_8' title="bbox 80 967 916 1054; baseline 0 -18"><span class='ocrx_word' id='word_1_40' title='bbox 80 970 223 1036; x_wconf 88' lang='lat' dir='ltr'>imbutus</span> <span class='ocrx_word' id='word_1_41' title='bbox 239 987 287 1034; x_wconf 87' lang='lat' dir='ltr'>est</span> <span class='ocrx_word' id='word_1_42' title='bbox 306 1013 315 1046; x_wconf 94' lang='lat'>,</span> <span class='ocrx_word' id='word_1_43' title='bbox 332 967 482 1054; x_wconf 76' lang='lat' dir='ltr'>ignorat,</span> <span class='ocrx_word' id='word_1_44' title='bbox 508 989 571 1050; x_wconf 88' lang='lat' dir='ltr'>qua</span> <span class='ocrx_word' id='word_1_45' title='bbox 602 969 723 1034; x_wconf 87' lang='lat' dir='ltr'>ratione</span> <span class='ocrx_word' id='word_1_46' title='bbox 749 975 916 1038; x_wconf 82' lang='lat' dir='ltr'>examinari</span> 
     </span>
    </p>

    <p class='ocr_par' dir='ltr' id='par_1_5' title="bbox 17 1052 918 1319">
     <span class='ocr_line' id='line_1_9' title="bbox 17 1052 917 1143; baseline 0 -17"><span class='ocrx_word' id='word_1_47' title='bbox 17 1111 24 1121; x_wconf 87' lang='lat'><em>.</em></span> <span class='ocrx_word' id='word_1_48' title='bbox 80 1060 221 1126; x_wconf 86' lang='lat' dir='ltr'>debeant</span> <span class='ocrx_word' id='word_1_49' title='bbox 250 1056 410 1143; x_wconf 75' lang='lat' dir='ltr'><strong>longiores</strong></span> <span class='ocrx_word' id='word_1_50' title='bbox 446 1071 478 1120; x_wconf 85' lang='lat' dir='ltr'>et</span> <span class='ocrx_word' id='word_1_51' title='bbox 503 1052 687 1122; x_wconf 78' lang='lat' dir='ltr'>difficiliores</span> <span class='ocrx_word' id='word_1_52' title='bbox 715 1057 917 1126; x_wconf 76' lang='lat' dir='ltr'>demonstra·</span> 
     </span>
     <span class='ocr_line' id='line_1_10' title="bbox 76 1143 918 1223; baseline 0.004 -13"><span class='ocrx_word' id='word_1_53' title='bbox 76 1149 187 1214; x_wconf 85' lang='lat' dir='ltr'>tiones</span> <span class='ocrx_word' id='word_1_54' title='bbox 203 1193 212 1223; x_wconf 88' lang='lat'>,</span> <span class='ocrx_word' id='word_1_55' title='bbox 228 1165 307 1208; x_wconf 88' lang='lat' dir='ltr'>num</span> <span class='ocrx_word' id='word_1_56' title='bbox 321 1143 594 1209; x_wconf 72' lang='lat' dir='ltr'>demonstrationis</span> <span class='ocrx_word' id='word_1_57' title='bbox 611 1145 808 1216; x_wconf 81' lang='lat' dir='ltr'>severitatem</span> <span class='ocrx_word' id='word_1_58' title='bbox 825 1150 918 1213; x_wconf 88' lang='lat' dir='ltr'>susti·</span> 
     </span>
     <span class='ocr_line' id='line_1_11' title="bbox 81 1231 916 1319; baseline -0.001 -19"><span class='ocrx_word' id='word_1_59' title='bbox 81 1251 195 1300; x_wconf 87' lang='lat' dir='ltr'>neant.</span> <span class='ocrx_word' id='word_1_60' title='bbox 212 1233 297 1296; x_wconf 91' lang='lat' dir='ltr'>Hinc</span> <span class='ocrx_word' id='word_1_61' title='bbox 310 1255 400 1319; x_wconf 83' lang='lat' dir='ltr'>saepe</span> <span class='ocrx_word' id='word_1_62' title='bbox 416 1231 528 1296; x_wconf 84' lang='lat' dir='ltr'>accidit</span> <span class='ocrx_word' id='word_1_63' title='bbox 546 1278 555 1310; x_wconf 94' lang='lat'>,</span> <span class='ocrx_word' id='word_1_64' title='bbox 577 1253 611 1298; x_wconf 86' lang='lat' dir='ltr'>ut</span> <span class='ocrx_word' id='word_1_65' title='bbox 635 1236 663 1297; x_wconf 93' lang='lat' dir='ltr'>in</span> <span class='ocrx_word' id='word_1_66' title='bbox 686 1239 811 1300; x_wconf 79' lang='lat' dir='ltr'>materia</span> <span class='ocrx_word' id='word_1_67' title='bbox 828 1234 916 1302; x_wconf 80' lang='lat' dir='ltr'>ditt-</span> 
     </span>
    </p>

    <p class='ocr_par' dir='ltr' id='par_1_6' title="bbox 58 1322 919 1676">
     <span class='ocr_line' id='line_1_12' title="bbox 58 1322 914 1410; baseline 0 -20"><span class='ocrx_word' id='word_1_68' title='bbox 58 1393 59 1398; x_wconf 59' lang='grc'>,</span> <span class='ocrx_word' id='word_1_69' title='bbox 80 1323 153 1402; x_wconf 89' lang='lat' dir='ltr'>cili,</span> <span class='ocrx_word' id='word_1_70' title='bbox 165 1323 214 1388; x_wconf 88' lang='lat' dir='ltr'>vel</span> <span class='ocrx_word' id='word_1_71' title='bbox 230 1322 330 1386; x_wconf 89' lang='lat' dir='ltr'>minus</span> <span class='ocrx_word' id='word_1_72' title='bbox 349 1339 493 1386; x_wconf 88' lang='lat' dir='ltr'>accurate</span> <span class='ocrx_word' id='word_1_73' title='bbox 506 1337 717 1408; x_wconf 81' lang='lat' dir='ltr'>pertractata,</span> <span class='ocrx_word' id='word_1_74' title='bbox 738 1324 839 1410; x_wconf 85' lang='lat' dir='ltr'>aliqua</span> <span class='ocrx_word' id='word_1_75' title='bbox 858 1325 914 1390; x_wconf 88' lang='lat' dir='ltr'>ad-</span> 
     </span>
     <span class='ocr_line' id='line_1_13' title="bbox 79 1409 919 1498; baseline 0.004 -21"><span class='ocrx_word' id='word_1_76' title='bbox 79 1413 247 1477; x_wconf 86' lang='lat' dir='ltr'>mittantur</span> <span class='ocrx_word' id='word_1_77' title='bbox 269 1427 427 1496; x_wconf 85' lang='lat' dir='ltr'>tamquam</span> <span class='ocrx_word' id='word_1_78' title='bbox 451 1409 686 1486; x_wconf 89' lang='lat' dir='ltr'>demonstrata,</span> <span class='ocrx_word' id='word_1_79' title='bbox 716 1433 796 1498; x_wconf 88' lang='lat' dir='ltr'>quae</span> <span class='ocrx_word' id='word_1_80' title='bbox 825 1415 919 1480; x_wconf 63' lang='lat' dir='ltr'>ade·</span> 
     </span>
     <span class='ocr_line' id='line_1_14' title="bbox 82 1498 914 1586; baseline 0.001 -20"><span class='ocrx_word' id='word_1_81' title='bbox 82 1501 314 1568; x_wconf 84' lang='lat' dir='ltr'>monstrationis</span> <span class='ocrx_word' id='word_1_82' title='bbox 337 1499 489 1562; x_wconf 83' lang='lat' dir='ltr'>evidentia</span> <span class='ocrx_word' id='word_1_83' title='bbox 516 1498 637 1586; x_wconf 83' lang='lat' dir='ltr'>longius</span> <span class='ocrx_word' id='word_1_84' title='bbox 654 1498 792 1563; x_wconf 72' lang='lat' dir='ltr'>absunra</span> <span class='ocrx_word' id='word_1_85' title='bbox 818 1501 914 1568; x_wconf 85' lang='lat' dir='ltr'>inuno</span> 
     </span>
     <span class='ocr_line' id='line_1_15' title="bbox 82 1589 916 1676; baseline -0.004 -21"><span class='ocrx_word' id='word_1_86' title='bbox 82 1589 227 1655; x_wconf 75' lang='lat' dir='ltr'>nonnulii</span> <span class='ocrx_word' id='word_1_87' title='bbox 242 1612 277 1654; x_wconf 90' lang='lat' dir='ltr'>ea</span> <span class='ocrx_word' id='word_1_88' title='bbox 304 1589 427 1676; x_wconf 86' lang='lat' dir='ltr'>saepius</span> <span class='ocrx_word' id='word_1_89' title='bbox 458 1607 524 1650; x_wconf 88' lang='lat' dir='ltr'>sese</span> <span class='ocrx_word' id='word_1_90' title='bbox 548 1589 721 1676; x_wconf 84' lang='lat' dir='ltr'>intelligere</span> <span class='ocrx_word' id='word_1_91' title='bbox 737 1590 916 1669; x_wconf 76' lang='lat' dir='ltr'>considunt,</span> 
     </span>
    </p>

    <p class='ocr_par' dir='ltr' id='par_1_7' title="bbox 15 1675 931 2028">
     <span class='ocr_line' id='line_1_16' title="bbox 15 1675 917 1765; baseline -0.003 -24"><span class='ocrx_word' id='word_1_92' title='bbox 15 1681 19 1686; x_wconf 83' lang='lat'>&#39;</span> <span class='ocrx_word' id='word_1_93' title='bbox 83 1693 166 1765; x_wconf 87' lang='lat' dir='ltr'>quae</span> <span class='ocrx_word' id='word_1_94' title='bbox 181 1697 253 1740; x_wconf 86' lang='lat' dir='ltr'>sunt</span> <span class='ocrx_word' id='word_1_95' title='bbox 264 1677 398 1740; x_wconf 87' lang='lat' dir='ltr'>obscura</span> <span class='ocrx_word' id='word_1_96' title='bbox 410 1693 439 1739; x_wconf 91' lang='lat' dir='ltr'>et</span> <span class='ocrx_word' id='word_1_97' title='bbox 448 1675 553 1738; x_wconf 89' lang='lat' dir='ltr'>inanes</span> <span class='ocrx_word' id='word_1_98' title='bbox 564 1678 627 1738; x_wconf 88' lang='lat' dir='ltr'>sine</span> <span class='ocrx_word' id='word_1_99' title='bbox 639 1693 740 1740; x_wconf 82' lang='lat' dir='ltr'>mente</span> <span class='ocrx_word' id='word_1_100' title='bbox 753 1679 829 1738; x_wconf 83' lang='lat' dir='ltr'>soni.</span> <span class='ocrx_word' id='word_1_101' title='bbox 843 1677 917 1742; x_wconf 86' lang='lat' dir='ltr'>Hu-</span> 
     </span>
     <span class='ocr_line' id='line_1_17' title="bbox 86 1763 931 1851; baseline 0.002 -22"><span class='ocrx_word' id='word_1_102' title='bbox 86 1768 132 1829; x_wconf 86' lang='lat' dir='ltr'>ius</span> <span class='ocrx_word' id='word_1_103' title='bbox 150 1766 261 1832; x_wconf 88' lang='lat' dir='ltr'>erroris</span> <span class='ocrx_word' id='word_1_104' title='bbox 277 1765 400 1830; x_wconf 85' lang='lat' dir='ltr'>evidens</span> <span class='ocrx_word' id='word_1_105' title='bbox 416 1781 460 1828; x_wconf 88' lang='lat' dir='ltr'>est</span> <span class='ocrx_word' id='word_1_106' title='bbox 476 1763 566 1826; x_wconf 91' lang='lat' dir='ltr'>ratio.</span> <span class='ocrx_word' id='word_1_107' title='bbox 582 1763 646 1842; x_wconf 81' lang='lat' dir='ltr'>Qui</span> <span class='ocrx_word' id='word_1_108' title='bbox 664 1763 730 1826; x_wconf 82' lang='lat' dir='ltr'>soia</span> <span class='ocrx_word' id='word_1_109' title='bbox 747 1765 845 1851; x_wconf 80' lang='lat' dir='ltr'>iogiea</span> <span class='ocrx_word' id='word_1_110' title='bbox 861 1788 931 1836; x_wconf 55' lang='lat' dir='ltr'>nar</span> 
     </span>
     <span class='ocr_line' id='line_1_18' title="bbox 88 1849 917 1942; baseline 0.006 -28"><span class='ocrx_word' id='word_1_111' title='bbox 88 1851 183 1914; x_wconf 85' lang='lat' dir='ltr'>turali</span> <span class='ocrx_word' id='word_1_112' title='bbox 199 1849 297 1936; x_wconf 86' lang='lat' dir='ltr'>pollet</span> <span class='ocrx_word' id='word_1_113' title='bbox 312 1853 358 1928; x_wconf 81' lang='lat' dir='ltr'>,is</span> <span class='ocrx_word' id='word_1_114' title='bbox 372 1849 532 1914; x_wconf 83' lang='lat' dir='ltr'>confusam</span> <span class='ocrx_word' id='word_1_115' title='bbox 551 1871 672 1916; x_wconf 88' lang='lat' dir='ltr'>tantum</span> <span class='ocrx_word' id='word_1_116' title='bbox 688 1849 781 1915; x_wconf 87' lang='lat' dir='ltr'>habet</span> <span class='ocrx_word' id='word_1_117' title='bbox 796 1855 917 1942; x_wconf 83' lang='lat' dir='ltr'>regula-</span> 
     </span>
     <span class='ocr_line' id='line_1_19' title="bbox 89 1938 918 2028; baseline 0.004 -23"><span class='ocrx_word' id='word_1_118' title='bbox 89 1962 159 2005; x_wconf 91' lang='lat' dir='ltr'>rum</span> <span class='ocrx_word' id='word_1_119' title='bbox 176 1938 339 2019; x_wconf 83' lang='lat' dir='ltr'>notitiam,</span> <span class='ocrx_word' id='word_1_120' title='bbox 357 1939 469 2025; x_wconf 86' lang='lat' dir='ltr'>quihus</span> <span class='ocrx_word' id='word_1_121' title='bbox 484 1942 513 2002; x_wconf 91' lang='lat' dir='ltr'>in</span> <span class='ocrx_word' id='word_1_122' title='bbox 529 1961 630 2006; x_wconf 89' lang='lat' dir='ltr'>terum</span> <span class='ocrx_word' id='word_1_123' title='bbox 649 1941 829 2028; x_wconf 77' lang='lat' dir='ltr'>cognitione</span> <span class='ocrx_word' id='word_1_124' title='bbox 844 1944 918 2008; x_wconf 91' lang='lat' dir='ltr'>diri·</span> 
     </span>
    </p>

    <p class='ocr_par' dir='ltr' id='par_1_8' title="bbox 27 2029 920 2370">
     <span class='ocr_line' id='line_1_20' title="bbox 27 2029 920 2118; baseline 0.01 -32"><span class='ocrx_word' id='word_1_125' title='bbox 27 2083 28 2086; x_wconf 63' lang='lat'>,</span> <span class='ocrx_word' id='word_1_126' title='bbox 87 2045 206 2118; x_wconf 88' lang='lat' dir='ltr'>guntur</span> <span class='ocrx_word' id='word_1_127' title='bbox 220 2031 328 2093; x_wconf 87' lang='lat' dir='ltr'>mentis</span> <span class='ocrx_word' id='word_1_128' title='bbox 345 2029 562 2114; x_wconf 84' lang='lat' dir='ltr'>operationes,</span> <span class='ocrx_word' id='word_1_129' title='bbox 580 2046 610 2093; x_wconf 90' lang='lat' dir='ltr'>et</span> <span class='ocrx_word' id='word_1_130' title='bbox 624 2030 795 2095; x_wconf 86' lang='lat' dir='ltr'>secundum</span> <span class='ocrx_word' id='word_1_131' title='bbox 809 2031 889 2095; x_wconf 79' lang='lat' dir='ltr'>conf</span> <span class='ocrx_word' id='word_1_132' title='bbox 909 2067 920 2084; x_wconf 91' lang='lat'><strong>·</strong></span> 
     </span>
     <span class='ocr_line' id='line_1_21' title="bbox 85 2113 916 2205; baseline 0 -23"><span class='ocrx_word' id='word_1_133' title='bbox 85 2141 149 2182; x_wconf 85' lang='lat' dir='ltr'>sam</span> <span class='ocrx_word' id='word_1_134' title='bbox 178 2117 260 2180; x_wconf 84' lang='lat' dir='ltr'>iliam</span> <span class='ocrx_word' id='word_1_135' title='bbox 288 2118 446 2180; x_wconf 87' lang='lat' dir='ltr'>notionem</span> <span class='ocrx_word' id='word_1_136' title='bbox 468 2113 535 2199; x_wconf 76' lang='lat' dir='ltr'>ipse</span> <span class='ocrx_word' id='word_1_137' title='bbox 561 2139 688 2205; x_wconf 71' lang='lat' dir='ltr'>quoque</span> <span class='ocrx_word' id='word_1_138' title='bbox 715 2139 787 2183; x_wconf 88' lang='lat' dir='ltr'>suae</span> <span class='ocrx_word' id='word_1_139' title='bbox 804 2121 916 2184; x_wconf 88' lang='lat' dir='ltr'>mentis</span> 
     </span>
     <span class='ocr_line' id='line_1_22' title="bbox 84 2203 916 2292; baseline 0.005 -24"><span class='ocrx_word' id='word_1_140' title='bbox 84 2206 287 2290; x_wconf 84' lang='lat' dir='ltr'>operationes</span> <span class='ocrx_word' id='word_1_141' title='bbox 301 2205 427 2292; x_wconf 84' lang='lat' dir='ltr'>dirigit:</span> <span class='ocrx_word' id='word_1_142' title='bbox 457 2203 527 2279; x_wconf 86' lang='lat' dir='ltr'>hinc</span> <span class='ocrx_word' id='word_1_143' title='bbox 551 2207 649 2270; x_wconf 87' lang='lat' dir='ltr'>oritur</span> <span class='ocrx_word' id='word_1_144' title='bbox 672 2227 772 2270; x_wconf 86' lang='lat' dir='ltr'>return</span> <span class='ocrx_word' id='word_1_145' title='bbox 797 2205 916 2272; x_wconf 80' lang='lat' dir='ltr'>confu-</span> 
     </span>
     <span class='ocr_line' id='line_1_23' title="bbox 86 2290 546 2370; baseline -0.009 -12"><span class='ocrx_word' id='word_1_146' title='bbox 86 2297 162 2370; x_wconf 85' lang='lat' dir='ltr'>sio,</span> <span class='ocrx_word' id='word_1_147' title='bbox 185 2313 223 2356; x_wconf 87' lang='lat' dir='ltr'>ex</span> <span class='ocrx_word' id='word_1_148' title='bbox 246 2290 430 2357; x_wconf 85' lang='lat' dir='ltr'>confusione</span> <span class='ocrx_word' id='word_1_149' title='bbox 451 2315 546 2357; x_wconf 87' lang='lat' dir='ltr'>error.</span> 
     </span>
    </p>

    <p class='ocr_par' dir='ltr' id='par_1_9' title="bbox 83 2379 922 3086">
     <span class='ocr_line' id='line_1_24' title="bbox 155 2379 920 2467; baseline 0 -20"><span class='ocrx_word' id='word_1_150' title='bbox 155 2381 281 2446; x_wconf 75' lang='lat' dir='ltr'>Obiecr.</span> <span class='ocrx_word' id='word_1_151' title='bbox 304 2379 544 2446; x_wconf 76' lang='lat' dir='ltr'>Observandum</span> <span class='ocrx_word' id='word_1_152' title='bbox 569 2397 672 2445; x_wconf 88' lang='lat' dir='ltr'>tamen</span> <span class='ocrx_word' id='word_1_153' title='bbox 696 2395 741 2443; x_wconf 89' lang='lat' dir='ltr'>est</span> <span class='ocrx_word' id='word_1_154' title='bbox 762 2425 774 2456; x_wconf 85' lang='lat'>,</span> <span class='ocrx_word' id='word_1_155' title='bbox 797 2381 920 2467; x_wconf 84' lang='lat' dir='ltr'>aliquas</span> 
     </span>
     <span class='ocr_line' id='line_1_25' title="bbox 83 2467 921 2556; baseline -0.005 -20"><span class='ocrx_word' id='word_1_156' title='bbox 83 2491 148 2536; x_wconf 87' lang='lat' dir='ltr'>esse</span> <span class='ocrx_word' id='word_1_157' title='bbox 171 2467 315 2534; x_wconf 82' lang='lat' dir='ltr'>difficiles</span> <span class='ocrx_word' id='word_1_158' title='bbox 343 2467 517 2534; x_wconf 84' lang='lat' dir='ltr'>matheseos</span> <span class='ocrx_word' id='word_1_159' title='bbox 533 2478 650 2554; x_wconf 80' lang='lat' dir='ltr'>&#39;partes</span> <span class='ocrx_word' id='word_1_160' title='bbox 667 2515 677 2546; x_wconf 93' lang='lat'>,</span> <span class='ocrx_word' id='word_1_161' title='bbox 693 2489 769 2556; x_wconf 89' lang='lat' dir='ltr'>quas</span> <span class='ocrx_word' id='word_1_162' title='bbox 792 2470 820 2530; x_wconf 94' lang='lat' dir='ltr'>in</span> <span class='ocrx_word' id='word_1_163' title='bbox 851 2489 921 2532; x_wconf 84' lang='lat' dir='ltr'>sta-</span> 
     </span>
     <span class='ocr_line' id='line_1_26' title="bbox 85 2555 922 2645; baseline 0 -25"><span class='ocrx_word' id='word_1_164' title='bbox 85 2575 124 2620; x_wconf 82' lang='lat' dir='ltr'>tu</span> <span class='ocrx_word' id='word_1_165' title='bbox 149 2557 294 2644; x_wconf 82' lang='lat' dir='ltr'>perfecto</span> <span class='ocrx_word' id='word_1_166' title='bbox 320 2557 556 2642; x_wconf 77' lang='lat' dir='ltr'>adquisiverant</span> <span class='ocrx_word' id='word_1_167' title='bbox 584 2557 685 2644; x_wconf 90' lang='lat' dir='ltr'>magni</span> <span class='ocrx_word' id='word_1_168' title='bbox 714 2555 842 2645; x_wconf 84' lang='lat' dir='ltr'>quidam</span> <span class='ocrx_word' id='word_1_169' title='bbox 868 2557 922 2620; x_wconf 84' lang='lat' dir='ltr'>vi·</span> 
     </span>
     <span class='ocr_line' id='line_1_27' title="bbox 86 2643 918 2731; baseline 0.002 -23"><span class='ocrx_word' id='word_1_170' title='bbox 86 2645 114 2708; x_wconf 89' lang='lat' dir='ltr'>ri</span> <span class='ocrx_word' id='word_1_171' title='bbox 139 2691 148 2720; x_wconf 91' lang='lat'>‚</span> <span class='ocrx_word' id='word_1_172' title='bbox 173 2645 247 2708; x_wconf 84' lang='lat' dir='ltr'>iicet·</span> <span class='ocrx_word' id='word_1_173' title='bbox 267 2645 439 2708; x_wconf 86' lang='lat' dir='ltr'>artificialis</span> <span class='ocrx_word' id='word_1_174' title='bbox 475 2643 595 2731; x_wconf 83' lang='lat' dir='ltr'>logicae</span> <span class='ocrx_word' id='word_1_175' title='bbox 621 2645 737 2710; x_wconf 84' lang='lat' dir='ltr'>auxilio</span> <span class='ocrx_word' id='word_1_176' title='bbox 767 2643 918 2710; x_wconf 87' lang='lat' dir='ltr'>destituti.</span> 
     </span>
     <span class='ocr_line' id='line_1_28' title="bbox 86 2731 919 2819; baseline 0.002 -23"><span class='ocrx_word' id='word_1_177' title='bbox 86 2731 219 2800; x_wconf 89' lang='lat' dir='ltr'>Verum</span> <span class='ocrx_word' id='word_1_178' title='bbox 251 2732 387 2819; x_wconf 87' lang='lat' dir='ltr'>insignes</span> <span class='ocrx_word' id='word_1_179' title='bbox 415 2733 458 2796; x_wconf 84' lang='lat' dir='ltr'>ilii</span> <span class='ocrx_word' id='word_1_180' title='bbox 494 2732 700 2798; x_wconf 83' lang='lat' dir='ltr'>mathematici</span> <span class='ocrx_word' id='word_1_181' title='bbox 732 2733 919 2800; x_wconf 87' lang='lat' dir='ltr'>methodum</span> 
     </span>
     <span class='ocr_line' id='line_1_29' title="bbox 87 2821 917 2909; baseline 0.004 -25"><span class='ocrx_word' id='word_1_182' title='bbox 87 2822 311 2908; x_wconf 83' lang='lat' dir='ltr'>geometricam</span> <span class='ocrx_word' id='word_1_183' title='bbox 329 2837 448 2888; x_wconf 90' lang='lat' dir='ltr'>attente</span> <span class='ocrx_word' id='word_1_184' title='bbox 464 2821 621 2897; x_wconf 89' lang='lat' dir='ltr'>meditati,</span> <span class='ocrx_word' id='word_1_185' title='bbox 647 2821 787 2909; x_wconf 80' lang='lat' dir='ltr'>tegulas,</span> <span class='ocrx_word' id='word_1_186' title='bbox 803 2821 917 2908; x_wconf 87' lang='lat' dir='ltr'>quibus</span> 
     </span>
     <span class='ocr_line' id='line_1_30' title="bbox 85 2907 919 2995; baseline -0.004 -22"><span class='ocrx_word' id='word_1_187' title='bbox 85 2909 117 2973; x_wconf 93' lang='lat' dir='ltr'>in</span> <span class='ocrx_word' id='word_1_188' title='bbox 134 2909 269 2973; x_wconf 80' lang='lat' dir='ltr'>veritaris</span> <span class='ocrx_word' id='word_1_189' title='bbox 286 2907 485 2995; x_wconf 86' lang='lat' dir='ltr'>inquisitione</span> <span class='ocrx_word' id='word_1_190' title='bbox 499 2931 535 2973; x_wconf 90' lang='lat' dir='ltr'>ae</span> <span class='ocrx_word' id='word_1_191' title='bbox 552 2909 819 2974; x_wconf 83' lang='lat' dir='ltr'>demonstratione</span> <span class='ocrx_word' id='word_1_192' title='bbox 832 2929 919 2972; x_wconf 85' lang='lat' dir='ltr'>mens</span> 
     </span>
     <span class='ocr_line' id='line_1_31' title="bbox 89 2993 922 3086; baseline -0.005 -24"><span class='ocrx_word' id='word_1_193' title='bbox 89 3013 197 3063; x_wconf 75' lang='lat' dir='ltr'>nostra</span> <span class='ocrx_word' id='word_1_194' title='bbox 222 2997 394 3086; x_wconf 71' lang='lat' dir='ltr'>dirigitur,</span> <span class='ocrx_word' id='word_1_195' title='bbox 417 2999 539 3086; x_wconf 77' lang='lat' dir='ltr'>proprii</span> <span class='ocrx_word' id='word_1_196' title='bbox 566 2998 680 3084; x_wconf 83' lang='lat' dir='ltr'>ingenii</span> <span class='ocrx_word' id='word_1_197' title='bbox 697 2997 838 3062; x_wconf 86' lang='lat' dir='ltr'>acumine</span> <span class='ocrx_word' id='word_1_198' title='bbox 862 2993 922 3058; x_wconf 86' lang='lat' dir='ltr'>sibi</span> 
     </span>
    </p>
   </div>
   <div class='ocr_carea' id='block_1_4' title="bbox 132 3083 641 3152">
    <p class='ocr_par' dir='ltr' id='par_1_10' title="bbox 132 3083 641 3152">
     <span class='ocr_line' id='line_1_32' title="bbox 132 3083 641 3152; baseline -0.006 -1"><span class='ocrx_word' id='word_1_199' title='bbox 132 3085 221 3152; x_wconf 81' lang='lat' dir='ltr'>Tem·</span> <span class='ocrx_word' id='word_1_200' title='bbox 245 3083 275 3150; x_wconf 92' lang='lat'>1.</span> <span class='ocrx_word' id='word_1_201' title='bbox 610 3084 641 3148; x_wconf 85' lang='lat' dir='ltr'>C</span> 
     </span>
    </p>
   </div>
   <div class='ocr_carea' id='block_1_5' title="bbox 0 0 1154 3506">
    <p class='ocr_par' dir='ltr' id='par_1_11' title="bbox 0 0 1154 3506">
     <span class='ocr_line' id='line_1_33' title="bbox 0 0 1154 3506; baseline 0 4"><span class='ocrx_word' id='word_1_202' title='bbox 0 0 1154 3506; x_wconf 95' lang='lat' dir='ltr'> </span> 
     </span>
    </p>
   </div>
  </div>
 </body>
</html>
