2258 3428
254 139 336 188 unns
358 139 404 188 ιι.
430 139 607 186 tuotone.
633 137 711 188 οη.
734 135 762 185 1.
876 137 942 210 139

101 205 193 272 nium
227 209 462 277 vocabulorum
491 209 731 276 combinatione
768 227 942 280 nascuntur

104 299 341 401 propositiones
356 302 464 366 inanes
478 346 490 380 ,
518 297 634 388 quibes
649 299 734 366 nuile
746 298 942 386 respondent

107 385 225 454 rodicia.
255 389 344 455 Hinc
371 409 469 473 quum
493 385 615 454 facilius
638 389 677 453 sit
703 407 806 456 rerum
833 388 943 454 nomi-

105 495 162 552 na,
189 498 287 561 qnam
305 479 487 544 earumdem
509 477 594 544 ideas
610 478 709 544 cieras
724 493 758 544 et
772 475 940 543 distinctae

98 565 268 653 percipere
284 612 294 646 ‚
322 585 356 632 et
369 564 521 633 memoria
536 565 695 644 retineret
721 565 867 654 plerique
881 565 942 632 ho·

94 657 218 720 minum
247 657 289 720 ad
314 677 441 723 suarum
466 656 603 720 idearum
631 652 854 721 formationem
874 674 942 720 nott

92 747 171 808 satis
187 745 422 822 attendentes,
449 743 635 810 etiamdum
656 765 761 812 seeum
782 745 941 834 cogitant,

91 832 172 897 loco
202 835 347 901 idearum
373 833 568 900 substituunt
588 833 738 910 nomina,
762 851 793 898 et
818 851 942 920 propo-

91 924 229 987 sitiones
255 923 332 988 ioco
358 922 559 990 iudiciorum.
589 921 694 992 Vnde
722 937 773 988 tot
802 941 942 987 nascun-

91 1029 155 1075 tur
181 1012 290 1077 inanes
315 1011 357 1078 de
382 1012 515 1078 vocibus
540 1013 743 1102 quaestiones
768 1031 806 1074 ac
832 1009 941 1162 dispu-

96 1103 257 1166 tatrones.
287 1100 369 1168 Hinc
403 1101 588 1168 litterarium
620 1099 732 1168 orbem
763 1115 815 1165 tot
844 1098 941 1165 inet-

97 1201 172 1255 tant
200 1207 379 1271 auctores,
414 1211 553 1282 quotum
586 1191 716 1258 scientia
749 1188 823 1255 nihii
851 1187 940 1254 aliud

92 1295 170 1356 est,
198 1301 297 1366 quarn
325 1299 476 1346 sonorum
491 1279 657 1370 cognitio,
685 1299 717 1347 et
732 1298 870 1364 quorum
884 1277 940 1344 in-

95 1369 206 1456 gentia
235 1367 402 1435 volumina
427 1371 519 1437 nucis
543 1371 742 1458 putamine,
772 1386 810 1434 ut
841 1367 940 1456 vulgo

94 1458 242 1536 dicitur,
272 1457 428 1524 contineri
446 1476 600 1548 possent,
626 1459 651 1521 si
675 1455 802 1523 resectis
815 1477 940 1543 propo·

98 1544 268 1611 titionibus
282 1546 457 1628 omnibus,
487 1569 571 1636 quae
593 1545 676 1614 circa
691 1563 787 1611 voces
811 1563 941 1610 versan-

101 1639 155 1697 tur
174 1679 185 1710 ,
214 1656 262 1701 res
278 1635 366 1703 soiae
381 1655 587 1703 servarentur.

150 1718 202 1786 11.
222 1774 226 1781 .
245 1721 310 1789 lam
329 1743 422 1792 antea
448 1724 697 1814 explicavimus,
728 1719 806 1809 quid
830 1719 870 1786 sit
892 1720 942 1786 iu·

106 1805 228 1874 dicium
263 1811 485 1880 affirmativum
525 1829 558 1881 et
598 1812 791 1902 negativum.
836 1811 941 1882 Vnus·

98 1901 211 1966 statim
236 1902 448 1992 intelligitur,
472 1903 550 1991 qnid
577 1903 616 1966 sit
643 1903 827 1992 propositio
852 1899 941 1966 affir-

95 1991 222 2056 mativa
241 2009 274 2056 et
299 1992 457 2081 negativa.
488 1992 616 2061 Verum
640 1991 680 2057 de
708 1990 941 2079 propositioni·

94 2074 161 2142 bus
181 2081 239 2144 illis
257 2081 408 2146 nonnulla
432 2097 504 2146 sunt
520 2077 732 2146 observanda.
761 2079 869 2144 Notio
879 2099 941 2166 po-

96 2170 203 2234 sitiva
219 2168 338 2254 dicitur
351 2216 363 2250 ,
390 2191 472 2259 quae
487 2169 659 2235 realitatem
675 2166 822 2246 denotat.
850 2168 941 2232 Con-

94 2269 148 2321 tra
164 2275 272 2325 autem
289 2265 444 2348 negativa
460 2259 667 2346 appellatur,
699 2277 782 2343 quae
796 2277 814 2320 a
828 2279 859 2322 re
876 2259 943 2341 ipsa

95 2346 276 2414 realitatem
301 2349 436 2437 aliquam
461 2364 614 2416 removet.
644 2343 727 2410 Hinc
750 2343 944 2411 vocabulum

90 2439 275 2521 positivum
290 2455 337 2504 est
354 2483 363 2520 ,
379 2436 471 2527 quod
488 2435 652 2502 notionem
667 2432 837 2524 positivam
853 2481 864 2510 ,
889 2453 944 2498 ne·-

89 2527 249 2610 gate‘num
283 2543 419 2608 autern,
447 2525 537 2611 quod
564 2526 741 2614 negativam
772 2523 936 2612 signifieat.

97 2612 292 2680 Cavendum
320 2632 423 2682 autem
455 2631 526 2692 est,
555 2635 595 2680 ne
621 2635 661 2678 ex
697 2613 939 2700 grammaticali·
1046 2665 1049 2671 .

97 2699 161 2764 bus
185 2705 298 2791 regulis
325 2702 458 2772 feramus
480 2701 655 2780 iudicium,
678 2701 722 2766 ‘an
743 2703 937 2770 vocabulum

95 2790 269 2877 positivum
296 2792 357 2869 sit,
387 2813 426 2859 an
453 2793 645 2882 negativum.
674 2788 760 2853 Nam
786 2793 851 2857 fieti
876 2811 938 2876 po·

95 2894 185 2962 test,
217 2896 254 2944 nt
267 2879 383 2956 habeat
393 2876 752 2972 iotmam'uegatiram,
782 2899 814 2950 et
830 2897 937 2952 tamen
