2264 3420
198 87 244 168 84
462 103 647 154 rtrsrrrvr.
672 103 854 166 annom
878 159 881 166 ,

196 174 327 249 turbare
343 194 380 242 ac
400 195 615 262 corrumpere·
632 176 760 243 Verum
775 194 869 256 nemo
882 167 1020 238 anobis
1037 195 1085 238 re·

199 267 392 350 quirat,‚aut
408 263 554 328 distincte
570 261 1026 350 exponamusmndeoriatur
1040 260 1086 326 ia·

200 353 302 416 cilitas
316 352 515 436 producendi
530 353 613 418 ideas
628 373 750 431 rerunt,
764 373 841 438 quas
855 369 952 424 autea
967 347 1086 416 habui·

197 461 268 504 ntus
285 486 294 518 ,
310 457 349 504 et
375 439 476 524 qualis
492 439 530 502 sit
548 442 729 504 mutatioin
745 439 884 507 ‚cerebro
901 439 1084 523 ppoducta,

193 545 265 606 an,
289 549 322 590 ut
347 525 403 592 fert
421 530 593 594 communis
609 529 745 616 opinio,
773 527 878 614 posita
901 529 942 596 sit
960 528 993 592 in
1010 550 1081 590 cer·

197 616 236 678 tis
255 616 375 680 cerebri
396 617 560 704 vestigiis,
589 639 671 704 quae
691 631 768 694 ¹cum*
781 617 1001 694 sepsntionum
1019 635 1079 699 ope

195 699 293 770 fuerit
314 725 333 769 a
356 705 525 787 spiritubus
540 703 908 792 ,animalibusjmprcssa
932 699 1078 780 cerebro,

196 792 361 877 spirituum
377 792 557 858 animalium
574 793 677 870 reditp
693 795 806 871 iterum
822 809 992 868 teruntutt
1012 813 1076 854 rur·

196 899 266 942 sunt
288 880 360 945 trita
377 899 526 944 revocant
540 880 643 946 ideam
664 881 706 946 rei
721 897 816 957 antea,
828 896 1028 966 perceptae,
1044 895 1072 942 et

198 987 237 1034 ex
251 989 315 1033 nno
327 968 459 1056 uestigia¹
477 974 506 1032 in
521 967 607 1034 aliud
630 986 764 1054 propter
789 984 940 1035 mutuum
958 969 1068 1032 utrius-

197 1077 261 1142 que
279 1055 503 1122 commercium
528 1074 763 1138 transeant„frn
778 1058 886 1143 potius
908 1057 1018 1142 posita
1038 1054 1071 1116 sit

195 1139 227 1210 itt
246 1143 324 1210 facili
341 1144 521 1208 fibrillarurn
535 1145 655 1213 cerebri
669 1143 916 1238 piiqabiiitate,
929 1166 993 1227 qua
1010 1145 1071 1220 tiat,

198 1249 235 1298 ut
258 1231 347 1296 facile
368 1233 480 1310 eodem
503 1232 599 1298 modo
624 1232 850 1318 plicentur'yel
876 1233 1069 1306 oscillentur,

198 1333 264 1404 quo
289 1320 531 1406 saepiusnantea
556 1319 687 1406 plicatae
702 1319 766 1398 siet
793 1321 962 1387 oscillatae
991 1336 1065 1386 sunt.

197 1406 290 1472 Haec
316 1407 534 1496 noiis'ignota
552 1430 618 1476 esse
637 1408 771 1488 candide
792 1405 941 1474 fatemur.

244 1494 312 1566 IV.
358 1497 492 1562 Somnus
519 1514 587 1561 ests
616 1511 727 1563 status
750 1495 984 1575 illementis,
1012 1517 1069 1583 qut

198 1607 303 1651 omnes
325 1587 522 1650 sensatiortes
539 1584 629 1650 clare
649 1605 787 1674 prorsus
804 1598 959 1662 cessant,
981 1579 1070 1648 nihil·
1111 1613 1112 1616 ¹

197 1695 261 1762 que
282 1694 411 1752 eorum,
432 1693 516 1761 quae
537 1678 737 1761 praesentia
752 1675 841 1738 nubi-s
863 1685 965 1749 -sunt,
986 1673 1067 1736 nobr's

198 1764 319 1828 conscii
336 1784 457 1826 sumus.
476 1759 562 1825 Dum
579 1762 608 1825 in
626 1762 680 1826 illo
698 1776 782 1842 statu
802 1781 986 1840 versamur,
1000 1758 1068 1824 dor·

192 1851 304 1924 ,mirr3
325 1847 398 1911 dum
416 1870 492 1914 vero
509 1848 641 1916 redeunt
663 1848 854 1923 sensationes
877 1847 984 1927 clare,
1005 1849 1069 1911 evi-

193 1935 306 2023 gilare
333 1936 477 2002 dicimur.
503 1939 635 2004 Somnus
665 1935 859 2024 profundhr
883 1936 1067 2022 appellatur,

112 2091 115 2098 ,
198 2023 1069 2110 quandocnmsensationibusclariscessantetianphan·
1111 2035 1112 2062 ³

170 2133 177 2142 ·
198 2129 330 2177 tasmata
345 2111 429 2178 clara
446 2115 506 2192 ira,
523 2131 559 2177 ut
574 2113 687 2176 nullius
711 2115 921 2200 perceptionis
943 2131 1068 2199 prorsus

198 2198 290 2266 nobis
313 2202 430 2266 conscii
452 2205 555 2266 simus.
583 2201 625 2266 Αι
650 2202 776 2266 durnin
804 2223 916 2264 sonmo
940 2199 1069 2287 phanta-

126 2287 130 2296 '
198 2306 299 2354 smata
320 2290 404 2356 clara
418 2289 513 2356 menti
531 2291 654 2366 insunt,
676 2294 836 2353 somniare
854 2287 1019 2364 dicimur,
1041 2301 1068 2354 et

198 2376 273 2446 ideo
295 2383 449 2446 somnium
471 2396 537 2444 est:
560 2393 667 2442 status
689 2375 746 2443 ille
768 2380 905 2456 mentis,
932 2398 996 2464 quo
1018 2398 1068 2441 re-

198 2487 271 2530 rum
299 2470 481 2546 absentium
507 2465 741 2547 tantumnodo,
772 2462 896 2529 nullius
927 2486 1003 2529 vero
1028 2465 1072 2528 rei

192 2558 382 2640 praesentis
402 2557 491 2630 nobis
510 2555 630 2618 conscii
646 2576 766 2620 sumus.
789 2553 872 2616 Hinc
896 2551 973 2617 dum
997 2574 1069 2616 som·

198 2641 329 2717 niamus,
349 2663 412 2718 res,
431 2663 510 2726 quas
527 2641 732 2728 percipimus,
746 2639 960 2727 imaginamur.
976 2641 1068 2704 Porro

198 2724 281 2791 inter
296 2717 522 2814 imiginationis
533 2746 641 2807 actus,
654 2728 730 2792 dum
748 2729 940 2806 somniamus
956 2747 987 2793 et
1000 2728 1068 2791 dum

198 2813 379 2900 vigilamus,
394 2816 472 2879 haec
486 2813 710 2880 constituenda
722 2835 767 2880 est
783 2815 972 2892 differentia,
988 2813 1068 2900 quod

198 2898 229 2960 in
250 2901 373 2962 somnio
397 2903 616 2987 perceptiones
638 2901 834 2966 inordinatae
851 2901 933 2978 sint,
950 2922 1006 2967 seu
1024 2925 1068 2966 re-

197 3003 400 3072 praesentent
421 3011 469 3052 res
492 2989 582 3054 nullo
605 2988 718 3056 ordine
741 3011 773 3054 se
796 2987 934 3070 invicem¹
957 3009 1069 3055 conse·
