<?xml version="1.0" encoding="UTF-8"?>
<!DOCTYPE html PUBLIC "-//W3C//DTD XHTML 1.0 Transitional//EN"
    "http://www.w3.org/TR/xhtml1/DTD/xhtml1-transitional.dtd">
<html xmlns="http://www.w3.org/1999/xhtml" xml:lang="en" lang="en">
 <head>
  <title>
</title>
<meta http-equiv="Content-Type" content="text/html;charset=utf-8" />
  <meta name='ocr-system' content='tesseract 3.04.00' />
  <meta name='ocr-capabilities' content='ocr_page ocr_carea ocr_par ocr_line ocrx_word'/>
</head>
<body>
  <div class='ocr_page' id='page_1' title='image "./institutionesph00jacqgoog_0565.png"; bbox 0 0 2270 3416; ppageno 0'>
   <div class='ocr_carea' id='block_1_1' title="bbox 83 75 1124 3074">
    <p class='ocr_par' dir='ltr' id='par_1_1' title="bbox 83 75 1124 3074">
     <span class='ocr_line' id='line_1_1' title="bbox 132 75 1039 161; baseline -0.006 -18"><span class='ocrx_word' id='word_1_1' title='bbox 132 75 197 161; x_wconf 75' lang='lat'>&#39;¹38</span> <span class='ocrx_word' id='word_1_2' title='bbox 271 153 275 160; x_wconf 47' lang='grc'><strong>,</strong></span> <span class='ocrx_word' id='word_1_3' title='bbox 332 81 355 116; x_wconf 89' lang='grc'>·“</span> <span class='ocrx_word' id='word_1_4' title='bbox 404 81 747 142; x_wconf 57' lang='lat' dir='ltr'>spatiamentum.</span> <span class='ocrx_word' id='word_1_5' title='bbox 890 149 893 154; x_wconf 15' lang='grc' dir='ltr'><strong>Δ</strong></span> <span class='ocrx_word' id='word_1_6' title='bbox 1031 147 1039 157; x_wconf 46' lang='grc'><strong>,</strong></span> 
     </span>
     <span class='ocr_line' id='line_1_2' title="bbox 129 162 1039 250; baseline 0 -24"><span class='ocrx_word' id='word_1_7' title='bbox 129 163 222 250; x_wconf 84' lang='lat' dir='ltr'>quod</span> <span class='ocrx_word' id='word_1_8' title='bbox 246 162 390 228; x_wconf 88' lang='lat' dir='ltr'>continet</span> <span class='ocrx_word' id='word_1_9' title='bbox 407 166 558 232; x_wconf 88' lang='lat' dir='ltr'>tationem</span> <span class='ocrx_word' id='word_1_10' title='bbox 579 185 644 230; x_wconf 90' lang='lat' dir='ltr'>uon</span> <span class='ocrx_word' id='word_1_11' title='bbox 661 168 767 228; x_wconf 87' lang='lat' dir='ltr'>solum</span> <span class='ocrx_word' id='word_1_12' title='bbox 788 183 864 229; x_wconf 85' lang='lat' dir='ltr'>suae</span> <span class='ocrx_word' id='word_1_13' title='bbox 883 163 1039 230; x_wconf 86' lang='lat' dir='ltr'>existen·</span> 
     </span>
     <span class='ocr_line' id='line_1_3' title="bbox 128 251 1035 337; baseline 0 -21"><span class='ocrx_word' id='word_1_14' title='bbox 128 256 210 332; x_wconf 85' lang='lat' dir='ltr'>tiae,</span> <span class='ocrx_word' id='word_1_15' title='bbox 238 254 407 318; x_wconf 87' lang='lat' dir='ltr'>sedetiam</span> <span class='ocrx_word' id='word_1_16' title='bbox 434 255 656 318; x_wconf 85' lang='lat' dir='ltr'>totiusmundi</span> <span class='ocrx_word' id='word_1_17' title='bbox 680 253 770 317; x_wconf 89' lang='lat' dir='ltr'>huius</span> <span class='ocrx_word' id='word_1_18' title='bbox 790 251 1035 337; x_wconf 80' lang='lat' dir='ltr'>adspectabiliss</span> 
     </span>
     <span class='ocr_line' id='line_1_4' title="bbox 130 341 1035 430; baseline 0.002 -26"><span class='ocrx_word' id='word_1_19' title='bbox 130 355 230 430; x_wconf 86' lang='lat' dir='ltr'>porro</span> <span class='ocrx_word' id='word_1_20' title='bbox 246 341 325 404; x_wconf 82' lang='lat' dir='ltr'>tatio</span> <span class='ocrx_word' id='word_1_21' title='bbox 339 342 391 404; x_wconf 87' lang='lat' dir='ltr'>illa</span> <span class='ocrx_word' id='word_1_22' title='bbox 411 341 505 407; x_wconf 84' lang='lat' dir='ltr'>tribui</span> <span class='ocrx_word' id='word_1_23' title='bbox 528 363 592 406; x_wconf 90' lang='lat' dir='ltr'>non</span> <span class='ocrx_word' id='word_1_24' title='bbox 609 360 715 426; x_wconf 89' lang='lat' dir='ltr'>potest</span> <span class='ocrx_word' id='word_1_25' title='bbox 730 343 834 427; x_wconf 88' lang='lat' dir='ltr'>spatio</span> <span class='ocrx_word' id='word_1_26' title='bbox 854 360 1035 428; x_wconf 85' lang='lat' dir='ltr'>quantum·</span> 
     </span>
     <span class='ocr_line' id='line_1_5' title="bbox 130 429 1035 517; baseline 0 -25"><span class='ocrx_word' id='word_1_27' title='bbox 130 431 178 493; x_wconf 82' lang='lat' dir='ltr'>vis</span> <span class='ocrx_word' id='word_1_28' title='bbox 202 430 324 493; x_wconf 81' lang='lat' dir='ltr'>infinito</span> <span class='ocrx_word' id='word_1_29' title='bbox 339 447 370 495; x_wconf 87' lang='lat' dir='ltr'>et</span> <span class='ocrx_word' id='word_1_30' title='bbox 385 445 524 495; x_wconf 56' lang='lat' dir='ltr'>aeternos</span> <span class='ocrx_word' id='word_1_31' title='bbox 548 430 654 494; x_wconf 87' lang='lat' dir='ltr'>Huius</span> <span class='ocrx_word' id='word_1_32' title='bbox 672 429 829 517; x_wconf 75' lang='lat' dir='ltr'>opinionis</span> <span class='ocrx_word' id='word_1_33' title='bbox 854 445 1035 494; x_wconf 83' lang='lat' dir='ltr'>sectatores</span> 
     </span>
     <span class='ocr_line' id='line_1_6' title="bbox 131 517 1032 605; baseline -0.002 -23"><span class='ocrx_word' id='word_1_34' title='bbox 131 517 235 602; x_wconf 84' lang='lat' dir='ltr'>spatio</span> <span class='ocrx_word' id='word_1_35' title='bbox 258 518 493 605; x_wconf 75' lang='lat' dir='ltr'>intelligentiam</span> <span class='ocrx_word' id='word_1_36' title='bbox 508 517 722 597; x_wconf 85' lang='lat' dir='ltr'>nullam,·vim</span> <span class='ocrx_word' id='word_1_37' title='bbox 738 519 856 582; x_wconf 82' lang='lat' dir='ltr'>nullam</span> <span class='ocrx_word' id='word_1_38' title='bbox 872 517 1032 581; x_wconf 89' lang='lat' dir='ltr'>tribuunt.</span> 
     </span>
     <span class='ocr_line' id='line_1_7' title="bbox 130 605 1034 694; baseline 0 -24"><span class='ocrx_word' id='word_1_39' title='bbox 130 622 194 670; x_wconf 82' lang='lat' dir='ltr'>nec</span> <span class='ocrx_word' id='word_1_40' title='bbox 215 605 351 672; x_wconf 86' lang='lat' dir='ltr'>tribuere</span> <span class='ocrx_word' id='word_1_41' title='bbox 367 627 499 694; x_wconf 87' lang='lat' dir='ltr'>possunt</span> <span class='ocrx_word' id='word_1_42' title='bbox 508 629 523 684; x_wconf 89' lang='lat'><em>;</em></span> <span class='ocrx_word' id='word_1_43' title='bbox 546 607 683 694; x_wconf 89' lang='lat' dir='ltr'>spatium</span> <span class='ocrx_word' id='word_1_44' title='bbox 708 606 916 671; x_wconf 83' lang='lat' dir='ltr'>considerant</span> <span class='ocrx_word' id='word_1_45' title='bbox 948 611 1034 672; x_wconf 87' lang='lat' dir='ltr'>velut</span> 
     </span>
     <span class='ocr_line' id='line_1_8' title="bbox 131 692 1032 783; baseline -0.002 -23"><span class='ocrx_word' id='word_1_46' title='bbox 131 692 339 760; x_wconf 78' lang='lat' dir='ltr'>substantiam</span> <span class='ocrx_word' id='word_1_47' title='bbox 356 716 437 760; x_wconf 88' lang='lat' dir='ltr'>mere</span> <span class='ocrx_word' id='word_1_48' title='bbox 458 699 640 783; x_wconf 77' lang='lat' dir='ltr'>passivam.</span> <span class='ocrx_word' id='word_1_49' title='bbox 671 694 833 759; x_wconf 87' lang='lat' dir='ltr'>Praeterea</span> <span class='ocrx_word' id='word_1_50' title='bbox 855 692 1032 758; x_wconf 87' lang='lat' dir='ltr'>substantia</span> 
     </span>
     <span class='ocr_line' id='line_1_9' title="bbox 132 781 1034 872; baseline 0.003 -27"><span class='ocrx_word' id='word_1_51' title='bbox 132 783 185 846; x_wconf 88' lang='lat' dir='ltr'>llla</span> <span class='ocrx_word' id='word_1_52' title='bbox 196 803 235 846; x_wconf 89' lang='lat' dir='ltr'>ex</span> <span class='ocrx_word' id='word_1_53' title='bbox 252 781 392 870; x_wconf 85' lang='lat' dir='ltr'>partibus</span> <span class='ocrx_word' id='word_1_54' title='bbox 403 785 627 872; x_wconf 85' lang='lat' dir='ltr'>componitur,</span> <span class='ocrx_word' id='word_1_55' title='bbox 641 803 678 847; x_wconf 83' lang='lat' dir='ltr'>ac</span> <span class='ocrx_word' id='word_1_56' title='bbox 693 784 827 870; x_wconf 85' lang='lat' dir='ltr'>proinde</span> <span class='ocrx_word' id='word_1_57' title='bbox 841 804 908 845; x_wconf 93' lang='lat' dir='ltr'>non</span> <span class='ocrx_word' id='word_1_58' title='bbox 927 801 1034 868; x_wconf 85' lang='lat' dir='ltr'>potest</span> 
     </span>
     <span class='ocr_line' id='line_1_10' title="bbox 131 870 1029 958; baseline 0.004 -24"><span class='ocrx_word' id='word_1_59' title='bbox 131 870 327 938; x_wconf 68' lang='lat' dir='ltr'>considerati</span> <span class='ocrx_word' id='word_1_60' title='bbox 344 887 503 958; x_wconf 77' lang='lat' dir='ltr'>tamquam</span> <span class='ocrx_word' id='word_1_61' title='bbox 516 873 811 948; x_wconf 80' lang='lat' dir='ltr'>absoluteintinita,</span> <span class='ocrx_word' id='word_1_62' title='bbox 824 891 931 957; x_wconf 89' lang='lat' dir='ltr'>quum</span> <span class='ocrx_word' id='word_1_63' title='bbox 954 873 983 936; x_wconf 93' lang='lat' dir='ltr'>in</span> <span class='ocrx_word' id='word_1_64' title='bbox 998 895 1029 938; x_wconf 84' lang='lat' dir='ltr'>ea</span> 
     </span>
     <span class='ocr_line' id='line_1_11' title="bbox 132 958 1030 1049; baseline 0.003 -27"><span class='ocrx_word' id='word_1_65' title='bbox 132 959 265 1049; x_wconf 74' lang='lat' dir='ltr'>intelligi</span> <span class='ocrx_word' id='word_1_66' title='bbox 286 961 408 1047; x_wconf 86' lang='lat' dir='ltr'>possint</span> <span class='ocrx_word' id='word_1_67' title='bbox 435 977 543 1048; x_wconf 84' lang='lat' dir='ltr'>partes</span> <span class='ocrx_word' id='word_1_68' title='bbox 561 960 683 1038; x_wconf 88' lang='lat' dir='ltr'>linitae,</span> <span class='ocrx_word' id='word_1_69' title='bbox 700 962 753 1044; x_wconf 93' lang='lat' dir='ltr'>qui</span> <span class='ocrx_word' id='word_1_70' title='bbox 774 958 903 1044; x_wconf 90' lang='lat' dir='ltr'>quidem</span> <span class='ocrx_word' id='word_1_71' title='bbox 919 962 1030 1025; x_wconf 87' lang='lat' dir='ltr'>conci·</span> 
     </span>
     <span class='ocr_line' id='line_1_12' title="bbox 132 1047 1035 1134; baseline -0.001 -21"><span class='ocrx_word' id='word_1_72' title='bbox 132 1048 240 1134; x_wconf 82' lang='lat' dir='ltr'>piendi</span> <span class='ocrx_word' id='word_1_73' title='bbox 261 1049 374 1114; x_wconf 88' lang='lat' dir='ltr'>modus</span> <span class='ocrx_word' id='word_1_74' title='bbox 389 1047 428 1113; x_wconf 86' lang='lat' dir='ltr'>ab</span> <span class='ocrx_word' id='word_1_75' title='bbox 442 1051 591 1114; x_wconf 86' lang='lat' dir='ltr'>infinitate</span> <span class='ocrx_word' id='word_1_76' title='bbox 607 1049 710 1112; x_wconf 88' lang='lat' dir='ltr'>divina</span> <span class='ocrx_word' id='word_1_77' title='bbox 724 1047 873 1113; x_wconf 88' lang='lat' dir='ltr'>abhorret</span> <span class='ocrx_word' id='word_1_78' title='bbox 886 1049 1035 1112; x_wconf 88' lang='lat' dir='ltr'>omnino.</span> 
     </span>
     <span class='ocr_line' id='line_1_13' title="bbox 134 1135 1033 1224; baseline 0 -24"><span class='ocrx_word' id='word_1_79' title='bbox 134 1136 189 1200; x_wconf 92' lang='lat' dir='ltr'>Ob</span> <span class='ocrx_word' id='word_1_80' title='bbox 204 1139 345 1204; x_wconf 86' lang='lat' dir='ltr'>eamdem</span> <span class='ocrx_word' id='word_1_81' title='bbox 359 1138 508 1202; x_wconf 86' lang='lat' dir='ltr'>rationem</span> <span class='ocrx_word' id='word_1_82' title='bbox 527 1159 592 1213; x_wconf 78' lang='lat' dir='ltr'>nou</span> <span class='ocrx_word' id='word_1_83' title='bbox 608 1135 688 1202; x_wconf 89' lang='lat' dir='ltr'>foret</span> <span class='ocrx_word' id='word_1_84' title='bbox 704 1135 848 1200; x_wconf 90' lang='lat' dir='ltr'>absolute</span> <span class='ocrx_word' id='word_1_85' title='bbox 870 1135 1033 1224; x_wconf 88' lang='lat' dir='ltr'>indepen-</span> 
     </span>
     <span class='ocr_line' id='line_1_14' title="bbox 134 1225 1031 1313; baseline -0.002 -23"><span class='ocrx_word' id='word_1_86' title='bbox 134 1225 237 1300; x_wconf 77' lang='lat' dir='ltr'>dens5</span> <span class='ocrx_word' id='word_1_87' title='bbox 264 1225 419 1313; x_wconf 83' lang='lat' dir='ltr'>quidquid</span> <span class='ocrx_word' id='word_1_88' title='bbox 447 1227 528 1292; x_wconf 89' lang='lat' dir='ltr'>enim</span> <span class='ocrx_word' id='word_1_89' title='bbox 555 1226 765 1310; x_wconf 90' lang='lat' dir='ltr'>compositum</span> <span class='ocrx_word' id='word_1_90' title='bbox 794 1241 861 1302; x_wconf 90' lang='lat' dir='ltr'>est,</span> <span class='ocrx_word' id='word_1_91' title='bbox 889 1246 932 1289; x_wconf 85' lang='lat' dir='ltr'>ex</span> <span class='ocrx_word' id='word_1_92' title='bbox 965 1226 1031 1312; x_wconf 86' lang='lat' dir='ltr'>ipsis</span> 
     </span>
     <span class='ocr_line' id='line_1_15' title="bbox 133 1311 1031 1402; baseline 0.002 -26"><span class='ocrx_word' id='word_1_93' title='bbox 133 1313 278 1400; x_wconf 85' lang='lat' dir='ltr'>partibus</span> <span class='ocrx_word' id='word_1_94' title='bbox 294 1313 432 1398; x_wconf 87' lang='lat' dir='ltr'>pendet,</span> <span class='ocrx_word' id='word_1_95' title='bbox 454 1333 493 1378; x_wconf 88' lang='lat' dir='ltr'>ac</span> <span class='ocrx_word' id='word_1_96' title='bbox 509 1313 644 1402; x_wconf 87' lang='lat' dir='ltr'>proinde</span> <span class='ocrx_word' id='word_1_97' title='bbox 658 1312 794 1399; x_wconf 87' lang='lat' dir='ltr'>spatium</span> <span class='ocrx_word' id='word_1_98' title='bbox 812 1333 877 1376; x_wconf 90' lang='lat' dir='ltr'>non</span> <span class='ocrx_word' id='word_1_99' title='bbox 890 1311 978 1378; x_wconf 89' lang='lat' dir='ltr'>foret</span> <span class='ocrx_word' id='word_1_100' title='bbox 991 1316 1031 1378; x_wconf 90' lang='lat' dir='ltr'>in·</span> 
     </span>
     <span class='ocr_line' id='line_1_16' title="bbox 134 1399 1012 1490; baseline -0.006 -22"><span class='ocrx_word' id='word_1_101' title='bbox 134 1399 343 1490; x_wconf 86' lang='lat' dir='ltr'>dependens,</span> <span class='ocrx_word' id='word_1_102' title='bbox 370 1403 427 1466; x_wconf 86' lang='lat' dir='ltr'>nisi</span> <span class='ocrx_word' id='word_1_103' title='bbox 453 1402 512 1466; x_wconf 89' lang='lat' dir='ltr'>sub</span> <span class='ocrx_word' id='word_1_104' title='bbox 537 1403 718 1468; x_wconf 81' lang='lat' dir='ltr'>conditione</span> <span class='ocrx_word' id='word_1_105' title='bbox 740 1406 900 1488; x_wconf 84' lang='lat' dir='ltr'>partium.</span> <span class='ocrx_word' id='word_1_106' title='bbox 1010 1472 1012 1476; x_wconf 22' lang='lat'><strong><em>¹</em></strong></span> 
     </span>
     <span class='ocr_line' id='line_1_17' title="bbox 189 1488 1124 1578; baseline -0.004 -23"><span class='ocrx_word' id='word_1_107' title='bbox 189 1490 255 1556; x_wconf 44' lang='lat' dir='ltr'>*Ex</span> <span class='ocrx_word' id='word_1_108' title='bbox 272 1491 319 1555; x_wconf 89' lang='lat' dir='ltr'>his</span> <span class='ocrx_word' id='word_1_109' title='bbox 341 1513 415 1578; x_wconf 79' lang='lat' dir='ltr'>ergo</span> <span class='ocrx_word' id='word_1_110' title='bbox 441 1507 549 1578; x_wconf 88' lang='lat' dir='ltr'>patet,</span> <span class='ocrx_word' id='word_1_111' title='bbox 565 1488 767 1554; x_wconf 74' lang='lat' dir='ltr'>crassissimum</span> <span class='ocrx_word' id='word_1_112' title='bbox 780 1508 874 1575; x_wconf 89' lang='lat' dir='ltr'>atque</span> <span class='ocrx_word' id='word_1_113' title='bbox 886 1489 1034 1577; x_wconf 88' lang='lat' dir='ltr'>impiissi-</span> <span class='ocrx_word' id='word_1_114' title='bbox 1123 1503 1124 1540; x_wconf 75' lang='lat' dir='ltr'>l</span> 
     </span>
     <span class='ocr_line' id='line_1_18' title="bbox 138 1578 1036 1667; baseline 0 -25"><span class='ocrx_word' id='word_1_115' title='bbox 138 1599 225 1643; x_wconf 89' lang='lat' dir='ltr'>mum</span> <span class='ocrx_word' id='word_1_116' title='bbox 244 1601 312 1646; x_wconf 88' lang='lat' dir='ltr'>esse</span> <span class='ocrx_word' id='word_1_117' title='bbox 330 1581 538 1646; x_wconf 85' lang='lat' dir='ltr'>recentiorum</span> <span class='ocrx_word' id='word_1_118' title='bbox 563 1578 772 1666; x_wconf 83' lang='lat' dir='ltr'>quorumdam</span> <span class='ocrx_word' id='word_1_119' title='bbox 798 1601 960 1656; x_wconf 86' lang='lat' dir='ltr'>errorem,</span> <span class='ocrx_word' id='word_1_120' title='bbox 984 1580 1036 1667; x_wconf 88' lang='lat' dir='ltr'>qui</span> 
     </span>
     <span class='ocr_line' id='line_1_19' title="bbox 140 1667 1124 1756; baseline 0.001 -25"><span class='ocrx_word' id='word_1_121' title='bbox 140 1670 276 1752; x_wconf 87' lang='lat' dir='ltr'>spatium</span> <span class='ocrx_word' id='word_1_122' title='bbox 304 1670 424 1756; x_wconf 81' lang='lat' dir='ltr'>tingunt</span> <span class='ocrx_word' id='word_1_123' title='bbox 449 1684 607 1754; x_wconf 85' lang='lat' dir='ltr'>tamquam</span> <span class='ocrx_word' id='word_1_124' title='bbox 628 1668 777 1732; x_wconf 86' lang='lat' dir='ltr'>essentiae</span> <span class='ocrx_word' id='word_1_125' title='bbox 794 1667 918 1732; x_wconf 87' lang='lat' dir='ltr'>divinae</span> <span class='ocrx_word' id='word_1_126' title='bbox 941 1668 1035 1732; x_wconf 83' lang='lat' dir='ltr'>attri·</span> <span class='ocrx_word' id='word_1_127' title='bbox 1123 1717 1124 1740; x_wconf 63' lang='lat'>,</span> 
     </span>
     <span class='ocr_line' id='line_1_20' title="bbox 136 1754 1124 1844; baseline -0.003 -26"><span class='ocrx_word' id='word_1_128' title='bbox 136 1754 265 1820; x_wconf 84' lang='lat' dir='ltr'>butum.</span> <span class='ocrx_word' id='word_1_129' title='bbox 285 1757 379 1820; x_wconf 87' lang='lat' dir='ltr'>Hanc</span> <span class='ocrx_word' id='word_1_130' title='bbox 393 1759 581 1844; x_wconf 86' lang='lat' dir='ltr'>impietatem</span> <span class='ocrx_word' id='word_1_131' title='bbox 603 1755 775 1820; x_wconf 87' lang='lat' dir='ltr'>Newtono</span> <span class='ocrx_word' id='word_1_132' title='bbox 788 1755 961 1841; x_wconf 89' lang='lat' dir='ltr'>imponunt</span> <span class='ocrx_word' id='word_1_133' title='bbox 973 1757 1035 1820; x_wconf 88' lang='lat' dir='ltr'>ali·</span> <span class='ocrx_word' id='word_1_134' title='bbox 1123 1777 1124 1804; x_wconf 62' lang='lat' dir='ltr'>t</span> 
     </span>
     <span class='ocr_line' id='line_1_21' title="bbox 137 1843 1036 1930; baseline 0.001 -22"><span class='ocrx_word' id='word_1_135' title='bbox 137 1845 212 1930; x_wconf 81' lang='lat' dir='ltr'>qui,</span> <span class='ocrx_word' id='word_1_136' title='bbox 238 1867 345 1912; x_wconf 90' lang='lat' dir='ltr'>verum</span> <span class='ocrx_word' id='word_1_137' title='bbox 364 1845 446 1908; x_wconf 62' lang='lat' dir='ltr'>&#39;hanc</span> <span class='ocrx_word' id='word_1_138' title='bbox 472 1844 657 1908; x_wconf 83' lang='lat' dir='ltr'>calumniam</span> <span class='ocrx_word' id='word_1_139' title='bbox 681 1843 840 1930; x_wconf 85' lang='lat' dir='ltr'>depellere</span> <span class='ocrx_word' id='word_1_140' title='bbox 864 1865 929 1906; x_wconf 90' lang='lat' dir='ltr'>non</span> <span class='ocrx_word' id='word_1_141' title='bbox 946 1843 1036 1909; x_wconf 87' lang='lat' dir='ltr'>vide·</span> 
     </span>
     <span class='ocr_line' id='line_1_22' title="bbox 138 1931 1035 2020; baseline -0.001 -22"><span class='ocrx_word' id='word_1_142' title='bbox 138 1945 194 1998; x_wconf 84' lang='lat' dir='ltr'>‘tur</span> <span class='ocrx_word' id='word_1_143' title='bbox 209 1931 345 1999; x_wconf 84' lang='lat' dir='ltr'>diliicile.</span> <span class='ocrx_word' id='word_1_144' title='bbox 372 1935 558 1998; x_wconf 83' lang='lat' dir='ltr'>Newtonus</span> <span class='ocrx_word' id='word_1_145' title='bbox 574 1933 703 2020; x_wconf 87' lang='lat' dir='ltr'>quidem</span> <span class='ocrx_word' id='word_1_146' title='bbox 718 1932 851 2018; x_wconf 87' lang='lat' dir='ltr'>spatium</span> <span class='ocrx_word' id='word_1_147' title='bbox 879 1931 1035 1997; x_wconf 87' lang='lat' dir='ltr'>inlinitum</span> 
     </span>
     <span class='ocr_line' id='line_1_23' title="bbox 139 2019 1036 2108; baseline 0 -24"><span class='ocrx_word' id='word_1_148' title='bbox 139 2021 282 2108; x_wconf 80' lang='lat' dir='ltr'>¹appellat</span> <span class='ocrx_word' id='word_1_149' title='bbox 303 2019 408 2087; x_wconf 80' lang='lat' dir='ltr'>ueluti</span> <span class='ocrx_word' id='word_1_150' title='bbox 420 2024 595 2086; x_wconf 77' lang='lat' dir='ltr'>scissorium</span> <span class='ocrx_word' id='word_1_151' title='bbox 609 2019 686 2086; x_wconf 78' lang='lat' dir='ltr'>D&#39;ei.</span> <span class='ocrx_word' id='word_1_152' title='bbox 709 2020 752 2082; x_wconf 90' lang='lat' dir='ltr'>At</span> <span class='ocrx_word' id='word_1_153' title='bbox 765 2039 864 2106; x_wconf 91' lang='lat' dir='ltr'>quum</span> <span class='ocrx_word' id='word_1_154' title='bbox 885 2023 919 2084; x_wconf 87' lang='lat' dir='ltr'>in</span> <span class='ocrx_word' id='word_1_155' title='bbox 942 2021 1036 2085; x_wconf 82' lang='lat' dir='ltr'>scho-</span> 
     </span>
     <span class='ocr_line' id='line_1_24' title="bbox 142 2105 1037 2198; baseline 0.001 -26"><span class='ocrx_word' id='word_1_156' title='bbox 142 2105 188 2178; x_wconf 84' lang='lat' dir='ltr'>lio</span> <span class='ocrx_word' id='word_1_157' title='bbox 211 2107 363 2197; x_wconf 80' lang='lat' dir='ltr'>generali</span> <span class='ocrx_word' id='word_1_158' title='bbox 382 2113 618 2198; x_wconf 78' lang='lat' dir='ltr'>principiorum</span> <span class='ocrx_word' id='word_1_159' title='bbox 638 2109 825 2172; x_wconf 85' lang='lat' dir='ltr'>enumeratis</span> <span class='ocrx_word' id='word_1_160' title='bbox 858 2107 919 2174; x_wconf 91' lang='lat' dir='ltr'>Dei</span> <span class='ocrx_word' id='word_1_161' title='bbox 945 2110 1037 2174; x_wconf 88' lang='lat' dir='ltr'>attri-</span> 
     </span>
     <span class='ocr_line' id='line_1_25' title="bbox 140 2193 1036 2285; baseline -0.002 -23"><span class='ocrx_word' id='word_1_162' title='bbox 140 2197 250 2276; x_wconf 80' lang='lat' dir='ltr'>batis,</span> <span class='ocrx_word' id='word_1_163' title='bbox 275 2197 380 2264; x_wconf 86' lang='lat' dir='ltr'>Deum</span> <span class='ocrx_word' id='word_1_164' title='bbox 402 2200 547 2285; x_wconf 88' lang='lat' dir='ltr'>spatium</span> <span class='ocrx_word' id='word_1_165' title='bbox 569 2219 630 2261; x_wconf 85' lang='lat' dir='ltr'>nnn</span> <span class='ocrx_word' id='word_1_166' title='bbox 654 2219 741 2274; x_wconf 85' lang='lat' dir='ltr'>esse,</span> <span class='ocrx_word' id='word_1_167' title='bbox 757 2193 949 2273; x_wconf 85' lang='lat' dir='ltr'>concludat,</span> <span class='ocrx_word' id='word_1_168' title='bbox 979 2197 1036 2260; x_wconf 86' lang='lat' dir='ltr'>hoc</span> 
     </span>
     <span class='ocr_line' id='line_1_26' title="bbox 144 2283 1124 2375; baseline -0.004 -25"><span class='ocrx_word' id='word_1_169' title='bbox 144 2289 282 2375; x_wconf 84' lang='lat' dir='ltr'>figurato</span> <span class='ocrx_word' id='word_1_170' title='bbox 297 2285 445 2373; x_wconf 89' lang='lat' dir='ltr'>loquendi</span> <span class='ocrx_word' id='word_1_171' title='bbox 463 2287 558 2350; x_wconf 90' lang='lat' dir='ltr'>modo</span> <span class='ocrx_word' id='word_1_172' title='bbox 586 2283 660 2349; x_wconf 85' lang='lat' dir='ltr'>nihil</span> <span class='ocrx_word' id='word_1_173' title='bbox 685 2284 770 2349; x_wconf 84' lang='lat' dir='ltr'>aliud</span> <span class='ocrx_word' id='word_1_174' title='bbox 793 2284 968 2372; x_wconf 85' lang='lat' dir='ltr'>intelligere</span> <span class='ocrx_word' id='word_1_175' title='bbox 993 2286 1037 2346; x_wconf 89' lang='lat' dir='ltr'>vi-</span> <span class='ocrx_word' id='word_1_176' title='bbox 1123 2317 1124 2332; x_wconf 71' lang='lat'><em>2</em></span> 
     </span>
     <span class='ocr_line' id='line_1_27' title="bbox 142 2373 1038 2458; baseline 0 -20"><span class='ocrx_word' id='word_1_177' title='bbox 142 2376 239 2440; x_wconf 83' lang='lat' dir='ltr'>‘detur</span> <span class='ocrx_word' id='word_1_178' title='bbox 254 2373 460 2450; x_wconf 87' lang='lat' dir='ltr'>Newtonus,</span> <span class='ocrx_word' id='word_1_179' title='bbox 477 2377 532 2438; x_wconf 92' lang='lat' dir='ltr'>nisi</span> <span class='ocrx_word' id='word_1_180' title='bbox 558 2375 628 2438; x_wconf 90' lang='lat' dir='ltr'>Deo</span> <span class='ocrx_word' id='word_1_181' title='bbox 646 2375 750 2438; x_wconf 88' lang='lat' dir='ltr'>omnia</span> <span class='ocrx_word' id='word_1_182' title='bbox 776 2395 842 2438; x_wconf 83' lang='lat' dir='ltr'>esse</span> <span class='ocrx_word' id='word_1_183' title='bbox 864 2374 1038 2458; x_wconf 85' lang='lat' dir='ltr'>praesentia</span> 
     </span>
     <span class='ocr_line' id='line_1_28' title="bbox 140 2461 1036 2552; baseline -0.004 -25"><span class='ocrx_word' id='word_1_184' title='bbox 140 2462 208 2543; x_wconf 85' lang='lat' dir='ltr'>ita,</span> <span class='ocrx_word' id='word_1_185' title='bbox 224 2481 260 2528; x_wconf 90' lang='lat' dir='ltr'>ut</span> <span class='ocrx_word' id='word_1_186' title='bbox 272 2487 328 2552; x_wconf 86' lang='lat' dir='ltr'>per</span> <span class='ocrx_word' id='word_1_187' title='bbox 342 2485 429 2530; x_wconf 91' lang='lat' dir='ltr'>suam</span> <span class='ocrx_word' id='word_1_188' title='bbox 442 2463 683 2528; x_wconf 83' lang='lat' dir='ltr'>immensitatem</span> <span class='ocrx_word' id='word_1_189' title='bbox 698 2461 868 2546; x_wconf 83' lang='lat' dir='ltr'>situbique</span> <span class='ocrx_word' id='word_1_190' title='bbox 883 2483 1036 2548; x_wconf 84' lang='lat' dir='ltr'>praesens.</span> 
     </span>
     <span class='ocr_line' id='line_1_29' title="bbox 83 2548 1037 2640; baseline 0.001 -26"><span class='ocrx_word' id='word_1_191' title='bbox 83 2558 101 2588; x_wconf 84' lang='lat'><strong><em>¹</em></strong></span> <span class='ocrx_word' id='word_1_192' title='bbox 147 2551 241 2616; x_wconf 88' lang='lat' dir='ltr'>Haec</span> <span class='ocrx_word' id='word_1_193' title='bbox 257 2573 357 2640; x_wconf 87' lang='lat' dir='ltr'>pauca</span> <span class='ocrx_word' id='word_1_194' title='bbox 373 2553 456 2618; x_wconf 89' lang='lat' dir='ltr'>dicta</span> <span class='ocrx_word' id='word_1_195' title='bbox 471 2553 547 2628; x_wconf 88' lang='lat' dir='ltr'>sint,</span> <span class='ocrx_word' id='word_1_196' title='bbox 559 2565 595 2614; x_wconf 89' lang='lat' dir='ltr'>ut</span> <span class='ocrx_word' id='word_1_197' title='bbox 612 2548 651 2614; x_wconf 85' lang='lat' dir='ltr'>ab</span> <span class='ocrx_word' id='word_1_198' title='bbox 663 2550 841 2635; x_wconf 89' lang='lat' dir='ltr'>ineptissimi</span> <span class='ocrx_word' id='word_1_199' title='bbox 856 2550 970 2616; x_wconf 90' lang='lat' dir='ltr'>erroris</span> <span class='ocrx_word' id='word_1_200' title='bbox 983 2573 1037 2615; x_wconf 85' lang='lat' dir='ltr'>ca-</span> 
     </span>
     <span class='ocr_line' id='line_1_30' title="bbox 139 2637 1124 2722; baseline 0 -20"><span class='ocrx_word' id='word_1_201' title='bbox 139 2639 266 2702; x_wconf 89' lang='lat' dir='ltr'>-lumnia</span> <span class='ocrx_word' id='word_1_202' title='bbox 287 2643 404 2704; x_wconf 87' lang='lat' dir='ltr'>socium</span> <span class='ocrx_word' id='word_1_203' title='bbox 417 2641 447 2701; x_wconf 89' lang='lat' dir='ltr'>in</span> <span class='ocrx_word' id='word_1_204' title='bbox 466 2637 557 2704; x_wconf 85' lang='lat' dir='ltr'>rebus</span> <span class='ocrx_word' id='word_1_205' title='bbox 571 2637 793 2702; x_wconf 82' lang='lat' dir='ltr'>mathematicis</span> <span class='ocrx_word' id='word_1_206' title='bbox 806 2660 868 2702; x_wconf 86' lang='lat' dir='ltr'>non</span> <span class='ocrx_word' id='word_1_207' title='bbox 881 2640 954 2702; x_wconf 88' lang='lat' dir='ltr'>satis</span> <span class='ocrx_word' id='word_1_208' title='bbox 969 2640 1039 2702; x_wconf 88' lang='lat' dir='ltr'>lau·</span> <span class='ocrx_word' id='word_1_209' title='bbox 1123 2717 1124 2722; x_wconf 8' lang='grc' dir='ltr'>ἵ</span> 
     </span>
     <span class='ocr_line' id='line_1_31' title="bbox 149 2724 1039 2809; baseline -0.001 -20"><span class='ocrx_word' id='word_1_210' title='bbox 149 2726 289 2790; x_wconf 90' lang='lat' dir='ltr'>dandum</span> <span class='ocrx_word' id='word_1_211' title='bbox 303 2769 312 2803; x_wconf 98' lang='lat'>,</span> <span class='ocrx_word' id='word_1_212' title='bbox 326 2726 537 2804; x_wconf 84' lang='lat' dir='ltr'>audacissimis</span> <span class='ocrx_word' id='word_1_213' title='bbox 552 2724 754 2809; x_wconf 84' lang='lat' dir='ltr'>scriptoribus</span> <span class='ocrx_word' id='word_1_214' title='bbox 770 2724 1039 2804; x_wconf 88' lang='lat' dir='ltr'>calumniantibus,</span> 
     </span>
     <span class='ocr_line' id='line_1_32' title="bbox 142 2811 1124 2899; baseline 0.004 -27"><span class='ocrx_word' id='word_1_215' title='bbox 142 2813 315 2877; x_wconf 74' lang='lat' dir='ltr'>uindicem.</span> <span class='ocrx_word' id='word_1_216' title='bbox 336 2815 504 2889; x_wconf 86' lang='lat' dir='ltr'>Ceterum,</span> <span class='ocrx_word' id='word_1_217' title='bbox 530 2829 564 2875; x_wconf 94' lang='lat' dir='ltr'>ut</span> <span class='ocrx_word' id='word_1_218' title='bbox 591 2815 651 2876; x_wconf 88' lang='lat' dir='ltr'>iam</span> <span class='ocrx_word' id='word_1_219' title='bbox 675 2813 855 2892; x_wconf 82' lang='lat' dir='ltr'>observavi,</span> <span class='ocrx_word' id='word_1_220' title='bbox 882 2811 1041 2899; x_wconf 82' lang='lat' dir='ltr'>deceptri·</span> <span class='ocrx_word' id='word_1_221' title='bbox 1123 2825 1124 2834; x_wconf 57' lang='lat'>¹</span> 
     </span>
     <span class='ocr_line' id='line_1_33' title="bbox 143 2895 1046 2975; baseline 0.007 -17"><span class='ocrx_word' id='word_1_222' title='bbox 143 2917 219 2960; x_wconf 78' lang='lat' dir='ltr'>cem</span> <span class='ocrx_word' id='word_1_223' title='bbox 246 2917 276 2963; x_wconf 90' lang='lat' dir='ltr'>et</span> <span class='ocrx_word' id='word_1_224' title='bbox 293 2895 439 2962; x_wconf 83' lang='lat' dir='ltr'>fallacem</span> <span class='ocrx_word' id='word_1_225' title='bbox 462 2919 528 2964; x_wconf 88' lang='lat' dir='ltr'>esse</span> <span class='ocrx_word' id='word_1_226' title='bbox 553 2899 747 2964; x_wconf 82' lang='lat' dir='ltr'>extensionis</span> <span class='ocrx_word' id='word_1_227' title='bbox 764 2899 951 2975; x_wconf 87' lang='lat' dir='ltr'>notionem,</span> <span class='ocrx_word' id='word_1_228' title='bbox 978 2900 1046 2964; x_wconf 88' lang='lat' dir='ltr'>huic</span> 
     </span>
     <span class='ocr_line' id='line_1_34' title="bbox 141 2982 1045 3074; baseline 0.012 -31"><span class='ocrx_word' id='word_1_229' title='bbox 141 2982 325 3048; x_wconf 71' lang='lat' dir='ltr'>„obiectioni</span> <span class='ocrx_word' id='word_1_230' title='bbox 357 2994 434 3053; x_wconf 86' lang='lat' dir='ltr'>&#39;cum</span> <span class='ocrx_word' id='word_1_231' title='bbox 470 2986 652 3052; x_wconf 86' lang='lat' dir='ltr'>leibnitianis</span> <span class='ocrx_word' id='word_1_232' title='bbox 681 3006 840 3074; x_wconf 79' lang='lat' dir='ltr'>seponere</span> <span class='ocrx_word' id='word_1_233' title='bbox 856 2987 1045 3074; x_wconf 78' lang='lat' dir='ltr'>potuissetis,</span> 
     </span>
    </p>
   </div>
   <div class='ocr_carea' id='block_1_2' title="bbox 0 0 1150 3416">
    <p class='ocr_par' dir='ltr' id='par_1_2' title="bbox 0 0 1150 3416">
     <span class='ocr_line' id='line_1_35' title="bbox 0 0 1150 3416; baseline 0 0"><span class='ocrx_word' id='word_1_234' title='bbox 0 0 1150 3416; x_wconf 95' lang='lat' dir='ltr'> </span> 
     </span>
    </p>
   </div>
  </div>
 </body>
</html>
