2298 3418
209 193 214 200 ,
246 111 423 182 enutrita
445 129 605 184 sources.
633 131 712 184 nst.
742 131 785 183 rs.
874 135 939 209 ²²3

115 202 399 291 uamptaemissts
418 200 604 294 theologum
625 201 785 293 proficisci
800 221 942 292 oportet.

117 289 208 380 gitur
237 291 289 356 vel
318 294 493 382 scripturae
522 313 649 371 sacrae,
677 294 728 360 vel
751 291 941 376 traditionis,
1045 343 1049 350 -

90 380 152 446 vel
178 379 330 448 ecclesiae
359 381 550 448 anctoritate
576 379 745 472 theologus
772 383 942 453 ostendere

94 464 195 540 debet
224 470 343 558 dogma
369 469 526 558 aliquod,
566 469 740 538 revelatum
768 492 857 550 esse,
886 489 942 540 at-

93 577 165 648 que
179 557 309 624 tandem
325 559 494 626 certissima
516 557 722 628 conclusione
742 579 832 628 eruet
853 559 896 630 do
920 598 942 618 -

90 647 191 714 matis
225 644 487 716 infallibilitatem.
517 645 617 714 Porro
646 649 804 717 evidentia
832 671 868 715 ct
909 673 942 716 s·

89 731 231 802 bilitatis
268 755 334 802 non
370 737 455 802 tollit
484 733 708 805 obscuritatem
736 737 819 805 fidei.
848 737 942 810 llaec

93 824 184 892 enim
213 823 371 892 evidentia
402 821 500 892 afficit
538 825 668 914 quidem
701 825 941 910 revelationem,

92 931 155 980 seu
172 911 391 994 demonstrat,
410 914 516 982 Deum
533 915 686 981 revelasse
701 914 836 1002 dogma,
850 917 941 1006 quod

93 999 247 1070 ereditur
259 1045 271 1081 ,
298 1000 354 1069 sed
375 1024 573 1091 nequaquam
594 1000 689 1070 afficit
711 1001 870 1070 obiectum
885 1028 942 1090 seq

96 1089 256 1156 velatum.
272 1090 379 1180 Atque
394 1091 622 1160 diversissimae
643 1107 718 1158 sunt
736 1091 942 1182 propositio-

4 1161 6 1250 l
87 1197 163 1246 mes
193 1179 289 1246 istaes
321 1179 453 1252 evidens
478 1195 548 1261 est,
580 1181 779 1263 nordebert
805 1179 942 1252 credere

95 1265 223 1358 dogma
251 1267 453 1336 revelatum.-
480 1268 599 1360 dogma
625 1267 946 1362 revelatumsqssod

95 1355 287 1436 medenas,
314 1371 365 1424 est
381 1355 525 1426 euidens.
542 1359 646 1424 Prima
660 1359 841 1510 propositio
856 1383 941 1449 sup·

97 1447 194 1534 ponit
219 1445 412 1513 evidentiam
437 1446 677 1514 credibilitatist
705 1465 804 1512 atera
835 1467 940 1518 autem

98 1533 293 1603 evidentiam
316 1531 443 1602 obiecti.
465 1534 568 1605 Vnde
589 1533 842 1602 licerevidenter
855 1557 940 1626 cog.

98 1643 296 1704 noscamus,
324 1622 509 1692 Trinitatem
538 1621 629 1690 nobis
657 1623 941 1706 esse-revelatam,

99 1709 183 1778 illius
196 1727 310 1779 tamen
332 1728 477 1780 naturam
498 1711 660 1779 evidenter
680 1731 745 1778 nou
765 1713 941 1799 cognosci-

101 1820 181 1866 mus.
198 1797 401 1890 ·Igitur.non
425 1801 497 1869 iden
525 1801 679 1888 quaedam
710 1822 728 1866 a
758 1799 850 1866 nobis
879 1822 942 1870 ne-

99 1890 208 2044 ganda
233 1907 335 1968 sunt,
364 1889 455 1978 quod
482 1890 533 1956 illa
556 1891 685 1979 pescipi
712 1887 754 1956 ad
785 1911 940 1978 compse-

123 1978 195 2046 endi
219 2000 284 2044 non
310 1979 446 2068 possint.
471 1977 595 2046 Etenim
625 1980 704 2044 ratio
734 1977 803 2065 ipsa
829 1979 939 2060 docet,

99 2067 218 2134 aDeo
247 2067 382 2156 plurima
412 2066 500 2147 fieti,
536 2068 686 2156 cognosci
721 2067 774 2130 vel
808 2069 939 2136 revelati

100 2176 218 2256 posse,
251 2177 335 2244 quae
360 2176 419 2222 nos
446 2155 607 2244 percipere
634 2155 687 2220 vel
710 2170 814 2220 mente
832 2179 938 2234 ¹com-

99 2245 201 2334 plecti
227 2264 292 2312 non
314 2253 510 2333 possumu's3
541 2244 648 2312 Deum
671 2261 748 2307 vero
771 2239 877 2308 haeei
904 2267 940 2314 sa

101 2333 292 2412 revelando,
324 2355 383 2400 nec
411 2333 477 2399 falli
505 2355 623 2421 posse,
648 2351 706 2398 nec
731 2323 850 2400 fallere.
875 2267 939 2402 geri

102 2419 179 2490 haec
209 2421 346 2489 brevitet
370 2419 570 2502 dictasint,
599 2445 639 2488 ex
668 2417 781 2509 quibus
809 2421 939 2510 perspi-

101 2531 194 2578 cuum
210 2529 279 2591 est,
307 2513 517 2582 constitutum
533 2510 671 2578 veritatis
685 2507 864 2589 criterium,
882 2532 939 2579 sa..

102 2620 171 2667 ctae
196 2622 327 2689 quoqne
352 2599 532 2689 theologiae
561 2619 730 2668 commune
758 2618 837 2666 esse.
867 2600 939 2670 Ce-

102 2705 201 2756 tetum
228 2687 310 2752 hanc
332 2689 604 2778 ratiocinationem
629 2685 758 2752 uberius
787 2709 937 2777 expone·

101 2798 156 2861 ts,
183 2777 223 2844 ad
248 2777 416 2866 theologos
438 2779 585 2865 pertinet.

134 2915 137 2924 -
162 2866 263 2951 Quod
287 2883 413 2957 spectat
436 2867 478 2935 ad
501 2866 645 2936 scientias
666 2860 844 2946 naturales,
869 2864 935 2937 suis
