2298 3418
178 66 222 132 rs
380 107 385 117 .
442 79 640 132 summer.
658 75 803 131 unitos.

171 156 257 258 intus
268 151 335 219 tion
346 153 446 220 latent
459 156 631 242 principia,
645 177 727 243 quae
740 173 810 220 eam
820 147 1001 223 annihilare
1013 151 1076 228 vel

173 243 339 312 destruere
353 244 492 330 possint.
509 244 649 310 Evidens
666 247 747 311 enirn
762 259 832 323 est,
849 243 969 312 nullam
984 246 1073 312 sub·

168 334 321 400 stantiam
334 353 429 418 posse
441 334 645 421 semetipsam
660 333 689 396 in
703 333 831 398 nihilum
842 333 994 420 redigere.
1006 335 1074 402 Εἰ·-

172 423 260 489 onim
274 421 349 485 nihil
366 422 397 488 in
415 443 517 488 rerum
532 441 645 489 natura
660 419 847 507 sibimetipsi
858 423 1075 488 contrarium

176 529 243 591 est,
258 511 314 576 sed
328 533 377 575 res
391 511 551 600 singulae,
563 515 644 599 qua'e
660 512 836 587 exsistunt,
849 508 963 575 habent
978 531 1068 577 sem-

174 621 233 689 per
246 599 278 664 in
296 620 329 666 se
350 598 523 680 rationem,
539 623 602 688 qua
615 618 687 664 sunt
700 599 754 678 id,
776 598 864 686 quod
880 616 964 664 sunt.·
977 599 1014 663 N
1016 621 1064 666 ec

175 691 278 754 minus
293 687 420 754 evidens
436 683 501 766 esi,
517 689 722 754 substantiam
736 687 877 776 'partium
891 705 1060 775 expertem

173 799 240 844 non
256 797 353 865 posse
365 799 424 844 nec
435 777 590 845 divisione
601 800 660 844 nec
671 778 904 864 compositione
917 797 970 842 nec
982 797 1060 841 mo-

174 885 213 932 tu
231 887 290 931 nec
300 866 361 932 alia
376 887 576 954 quacumque
593 868 713 932 ratione
729 884 796 932 sese
817 865 984 930 destruere.
999 865 1056 930 Ex

175 953 226 1018 his
235 954 380 1022 omnibus
390 975 497 1044 patet,
506 955 709 1021 substantiam
719 954 895 1041 simplicem
907 974 1006 1040 neque
1013 952 1057 1018 ab

176 1044 488 1111 ullacausaextema
505 1042 1067 1134 nequeabintetnanaturalitetpos·

175 1155 210 1200 se
225 1153 280 1198 aut
291 1134 453 1219 corrumpi
469 1152 523 1198 aut
536 1135 677 1210 destrui,
691 1128 767 1221 ergo
779 1130 959 1196 substantia
972 1131 1067 1218 spiri-

177 1222 272 1288 tualis
288 1243 325 1286 ac
348 1223 482 1312 proinde
504 1245 589 1288 mens
616 1222 753 1288 humana
768 1220 858 1285 nullo
874 1222 1066 1307 corroptio‘-

180 1311 228 1378 nis
253 1332 368 1396 genere
390 1313 574 1377 naturaliter
597 1313 723 1377 interire
744 1327 863 1398 potest.

248 1397 345 1463 Prob.
375 1421 404 1465 2.
422 1421 558 1466 mentem
576 1399 742 1464 humanam
759 1421 776 1464 a
799 1398 872 1464 Deo
889 1413 1068 1485 numquam

1131 633 1136 716 l

171 1487 364 1568 -annihilati,
390 1512 447 1556 nec
469 1493 512 1554 ita
533 1510 681 1577 umquam
699 1489 828 1565 mutati,
844 1503 880 1550 ut
897 1485 1069 1554 facultates
1135 1553 1136 1566 ,

179 1577 294 1644 vitales
315 1581 448 1644 amittat.
477 1579 612 1644 Plurima
641 1575 843 1663 proferuntur
863 1595 1067 1666 argumenta,
1135 1649 1136 1662 p

184 1687 322 1755 quorum
339 1669 512 1754 praecipua
528 1668 705 1753 seligemus.

250 1755 396 1819 Primum.
421 1757 600 1820 Substantia
623 1755 793 1844 spititualis
817 1754 911 1820 semel
930 1752 1071 1819 condita

185 1859 317 1910 nonest
343 1845 506 1909 deterioris
532 1845 742 1922 conditionis,
769 1867 865 1931 quam
893 1842 1073 1908 substantia

180 1954 353 2020 corporea,
364 1933 452 2018 atqui
466 1953 602 2019 corpora
618 1927 827 2000 semei'creata
837 1933 920 1998 Deus
932 1953 997 1994 non
1009 1949 1073 1996 an·-

184 2021 318 2096 nibilat3
341 2043 416 2109 ergo
436 2043 492 2086 nec
508 2020 697 2088 substantias
712 2021 898 2109 spirituales.
913 2019 955 2083 Et
970 2037 1073 2089 terte

185 2129 284 2194 quum
298 2109 441 2174 reductio
455 2112 485 2174 in
503 2109 631 2174 nihilum
646 2133 685 2177 ex
702 2131 808 2180 setam
824 2101 981 2193 conceptu
998 2107 1073 2172 dif-
1134 2111 1135 2122 ’

186 2197 277 2264 fieilis
294 2201 351 2278 sit,
367 2221 462 2288 quam
479 2201 606 2265 eductio
621 2223 637 2266 e
652 2199 768 2278 nihilo,
784 2196 1073 2284 philosophisolim

187 2288 290 2354 visum
303 2307 368 2355 est:
379 2293 477 2378 gigni
488 2289 529 2354 de
542 2287 640 2354 niiilo
655 2285 736 2353 nihil
744 2335 755 2366 ,
771 2291 803 2352 in
819 2284 956 2350 nihilum¹
964 2332 973 2362 ‚
983 2283 1076 2350 nihil

182 2384 435 2466 praetereunti,
452 2399 491 2444 ex
508 2378 617 2443 Persio
633 2377 743 2442 sa'tira
759 2397 790 2463 (a.
809 2374 870 2438 Hic
882 2375 973 2461 igitur
983 2375 1074 2438 ordo

188 2465 229 2533 ab
247 2469 467 2555 omnipotente
485 2466 555 2530 Deo
577 2469 607 2530 in
631 2467 722 2531 rebus
744 2463 856 2531 creatis
878 2464 1073 2528 constitutus

188 2552 337 2632 videtur,
361 2572 396 2620 ut
418 2566 497 2642 quas
517 2579 535 2620 e
557 2555 655 2619 nihilo
680 2555 773 2620 semel
789 2552 899 2620 eduxit
915 2569 1074 2631 staturas,
1133 2627 1134 2634 ἵ

189 2662 347 2730 perpetuo
359 2663 537 2709 conservet.
551 2643 696 2731 Ideoque
711 2643 774 2708 lieri
788 2664 852 2706 non
864 2658 986 2724 potest,
1002 2655 1074 2706 ma·

190 2749 286 2795 nente
304 2731 358 2793 illo
373 2732 508 2809 ordine,
533 2754 627 2818 quem
649 2735 678 2794 in
699 2729 889 2818 corpotibus
911 2729 1076 2795 observati

189 2818 391 2894 videmusne
404 2819 575 2884 substantia
590 2821 759 2906 spititualis
775 2837 894 2904 pereat.
907 2817 1004 2882 Hunc
1015 2833 1075 2880 or-

190 2906 294 2972 dinem
310 2907 470 2970 observari
496 2913 526 2972 in
550 2909 668 2992 mundo
683 2907 911 2984 intellectuali,
935 2910 1017 2971 sicut
1040 2909 1074 2973 'tn

189 2995 363 3075 materiali,
381 2993 517 3082 probare
532 3017 695 3085 possemus
711 3019 750 3062 ex
765 2994 855 3062 variis
871 3015 978 3063 sacrae
993 2995 1076 3062 sori-
