2258 3428
251 162 335 212 nant
359 165 385 212 t.
410 163 669 220 teotonicae.
694 165 736 214 tt.
871 147 913 240 87'

68 233 167 326 quod
193 237 374 302 omnimode
401 235 644 303 determinatum
671 256 746 316 est,
779 235 814 302 id
842 261 915 310 anre

72 345 199 390 omnem
220 325 334 390 mentis
359 325 588 412 cogitationem
613 348 678 390 nott
704 344 751 394 est
778 323 917 390 formalia

76 430 126 478 tet
147 412 350 479 universale:
380 435 458 502 ergo
476 415 561 480 nulla
578 431 689 480 natura
706 433 754 480 est
768 413 917 479 formali-

77 500 337 568 tetssunivetsalis.
363 502 444 566 Mai.
470 503 599 586 evidens
613 520 672 569 etr.
701 505 786 568 Nam
803 503 916 572 huma-

75 613 111 655 na
124 609 267 666 natura,
295 611 378 678 quae
395 609 442 656 est
466 591 498 655 itt
523 591 644 671 Petro,
672 613 820 680 quaeque
836 615 917 684 ape·

71 680 160 743 cifica
197 678 343 758 dicitur,
369 679 493 746 nemine
518 685 700 769 cogitante,
726 683 837 746 eadem
866 699 918 747 est

70 789 143 832 cum
163 768 233 832 eius
252 785 366 832 natura
380 769 537 835 numerica
555 815 566 849 ‚
597 789 652 836 seu
667 787 715 834 est
731 772 916 838 omnimode

72 858 297 922 determinata.
335 856 443 923 Minor
471 879 548 924 veto
589 859 635 921 sic
667 859 916 928 demonstratur.

56 944 191 1011 'Forma
218 947 403 1011 universalis
421 961 484 1012 ¹seu
509 949 700 1034 principium
732 947 918 1014 universali⁴

72 1035 148 1098 tatis
174 1051 225 1098 est
250 1034 307 1112 id,
334 1034 426 1124 quod
452 1037 620 1101 constituit
650 1036 916 1104 universalitatem

75 1141 228 1198 naturae,
257 1122 325 1210 ipsa
340 1143 453 1208 nempe
478 1125 744 1190 indeterminatio
774 1145 838 1211 qua
867 1128 917 1206 lit,

78 1229 112 1275 ut
133 1210 244 1274 multis
269 1212 454 1276 omnimode
477 1213 689 1279 determinatis
712 1212 778 1279 rite
803 1212 918 1278 indivi·
944 1275 946 1280 ,

71 1299 141 1366 duis
169 1319 285 1364 natura
309 1300 490 1368 universalis
513 1303 635 1381 inesse,
663 1301 749 1368 etde
776 1304 809 1366 iis
825 1323 918 1388 prae·
954 1314 956 1319 ’

75 1389 170 1454 dicari
189 1391 314 1475 possit3
339 1411 417 1478 ergo
439 1389 471 1454 id
489 1393 579 1478 quod
601 1391 785 1457 omnimode
808 1393 918 1456 deter-

77 1481 226 1542 minatum
255 1491 329 1556 est,
356 1478 471 1564 nequit„
489 1501 558 1544 esse
590 1476 762 1544 formaliter
786 1481 917 1543 univer-

82 1567 154 1632 sale.
179 1566 269 1645 Quia
291 1588 368 1630 vero
395 1567 426 1630 iu
447 1567 615 1632 individuis
640 1568 795 1650 quaedam
823 1565 919 1630 inve..

88 1653 209 1718 ninntut
233 1653 371 1732 similia,
401 1675 516 1740 quaen
541 1653 722 1720 differentiis
751 1654 919 1720 numericis

90 1759 288 1826 permearem
315 1747 451 1828 separati
474 1761 634 1828 possunt,
660 1761 760 1831 atque
786 1742 920 1808 notione

94 1847 152 1894 una
177 1833 422 1919 repraesentati3
453 1831 526 1898 ideo
550 1833 708 1911 dicimus,
736 1831 921 1897 universalia

84 1938 148 1984 este
171 1919 202 1983 itt
225 1921 396 1987 individuis
417 1919 719 2002 fundamentaliter,
751 1941 808 1988 seu
823 1920 920 1988 etiam

82 2010 294 2078 materialiter.

87 2125 94 2132 ⁸
123 2137 875 2308 soavuuura'ouraemouat.

140 2365 276 2432 Obiect.
305 2383 333 2428 tt
358 2363 524 2453 Quidquid
545 2363 653 2432 existit
669 2352 828 2453 singulare
856 2383 919 2442 esra

88 2473 153 2538 etgo
166 2473 300 2542 praeter
314 2473 409 2518 voces
433 2475 466 2520 et
480 2471 658 2542 conceptus
675 2500 685 2533 ‚
713 2451 835 2518 nullum
864 2453 922 2518 da·

91 2543 329 2609 tutuniversale
345 2542 375 2605 in
395 2544 488 2608 rebus
503 2546 589 2631 ipsio-
612 2541 712 2628 Resp.
737 2541 816 2621 disti
842 2561 922 2607 con·

94 2647 235 2716 sequens,
268 2631 390 2694 nullum
408 2633 501 2697 datur
518 2632 740 2698 universalem
758 2628 850 2694 rebus
867 2629 922 2720 ip-

85 2716 129 2780 'ais
130 2717 326 2798 formaliter
331 2765 343 2797 ‚
358 2720 398 2782 C.
411 2765 420 2799 ,
431 2718 759 2802 frmdntnentaliter,
773 2718 819 2781 N.
832 2739 921 2784 consa

145 2805 225 2876 inst.
263 2828 291 2873 ι.
318 2808 493 2876 uniuersale
517 2829 566 2878 est
585 2829 682 2874 unum
698 2823 806 2891 aptum
824 2829 923 2892 praef

83 2893 175 2966 dicati
200 2899 248 2968 de
274 2897 417 2979 multit3
448 2900 506 2968 ted
536 2919 601 2964 vox
628 2894 697 2960 sola
721 2893 839 2958 dicitur
866 2913 923 2956 seu
