2270 3416
140 83 204 156 rap
350 111 371 150 ,-
411 82 611 146 ,rnsntrvm
637 75 797 126 annoni,
838 106 842 121 ,

137 169 361 245 praesentare,
391 171 423 221 et
448 174 553 220 actum
580 152 716 238 aliquem
741 143 863 218 elicere,
875 136 931 205 vel
949 135 995 202 ab
1012 155 1055 202 eo

138 244 308 310 abstinere.
336 241 461 324 Sedjex
490 242 651 310 solvendis
690 227 923 316 obiectionibus
949 241 985 296 et
1013 245 1055 289 ex

140 332 284 420 sequenti
316 318 519 396 conclusione
544 329 624 396 haec
648 327 742 414 magis
771 321 845 387 ficut
868 311 1054 380 manifesta.

138 419 278 502 Evidens
303 437 408 484 nutem
424 436 496 500 est,
516 417 593 482 haec
618 415 736 482 motiva
755 410 849 496 longe
873 402 1010 470 differre
1031 424 1055 488 a

138 510 262 594 tatione
287 503 457 589 sufficiente
480 505 678 582 leibnitiana,
700 493 922 588 qnae-fatalem
940 510 1054 558 neces·

140 595 467 678 sitatemioduceret,
489 615 507 664 a
530 617 594 685 qua
618 609 809 672 tameneant
835 581 975 660 liberare
991 599 1050 644 co·

140 701 255 750 uantur
282 683 416 770 plurimi.
971 745 978 758 .

205 773 294 837 Haec
314 771 476 835 conclusio
496 792 568 836 cum
594 767 771 833 scholarum
792 755 1045 846 theologicarum

141 859 297 928 doctrina.
313 861 414 947 probe
437 859 608 926 consentit.
634 857 683 922 De
705 852 823 942 gratiae
841 847 982 914 efficacia
995 843 1044 907 di·

142 970 252 1016 versae
278 968 351 1013 sunt
384 947 563 1031 scholarum
591 945 780 1020 sententiae,
808 959 890 1026 quae
918 931 1043 1021 quidem

142 1058 253 1109 ornnes
277 1059 350 1103 cum
373 1040 529 1121 explicata
553 1035 704 1100 hactenus
733 1028 876 1095 doctrina
904 1023 1047 1108 apprime

141 1127 349 1210 ¹¹conveniunt.
365 1125 527 1196 Vniversa
552 1119 842 1212 augustinianorum
858 1111 979 1178 ¹schola
994 1108 1049 1173 do·

144 1232 215 1309 pet,
228 1213 397 1280 efficaciam
414 1216 527 1302 gratiae
542 1209 758 1300 reponendam
777 1225 842 1270 esse
859 1203 890 1266 in
906 1196 1046 1264 suaviori

145 1305 303 1380 motione,
332 1320 363 1367 et
392 1302 615 1388 praeveniente
643 1295 876 1369 delectatione,
896 1287 1044 1376 quaeip-

86 1473 88 1476 .
143 1411 212 1464 sant
234 1389 431 1455 voluntatem
448 1387 614 1468 efficaciter
642 1381 843 1452 determinat.
870 1377 960 1444 Tota
977 1373 1047 1438 tho-

147 1481 308 1550 mistarum
345 1478 452 1544 schola
490 1478 662 1542 motionem
701 1470 861 1538 efficacem
902 1465 1044 1544 admitit,

146 1569 203 1656 ted
222 1571 248 1633 ei
261 1569 434 1650 necessario
449 1566 677 1656 adiungendam
694 1582 762 1647 esse
775 1555 943 1641 contendit
962 1574 1049 1640 prae·

145 1677 320 1742 ,mononem
354 1655 532 1746 physicam.
574 1653 664 1718 Haec
701 1665 835 1734 utraque
868 1641 1046 1708 scholarum

150 1747 302 1810 sententia
322 1765 386 1808 non
401 1745 466 1812 sine
487 1744 610 1808 motivis
626 1735 920 1810 determinatio-nem
937 1730 1050 1811 admit7

148 1833 200 1898 tit.
222 1831 293 1896 Alia
319 1831 447 1900 tandem
471 1847 613 1919 superest
640 1827 771 1915 opinio,
801 1843 911 1911 eornm
929 1817 1051 1908 scilicet

145 1920 371 2072 ¹theologorum
398 1919 663 2008 [molinistarum
686 1930 718 1980 et
740 1905 1050 2002 coagmentatum}

149 2010 205 2096 ,qui
231 2011 399 2074 eticaciam
419 2012 535 2098 gratiae
556 2008 587 2074 in
607 2023 762 2072 consensu
788 1998 963 2064 voluntatis
996 2011 1048 2060 ant

147 2097 243 2172 etiarn
269 2097 300 2162 in
321 2095 557 2178 circumstantiis
583 2093 679 2184 magis
703 2089 848 2178 congruis
874 2100 1046 2173 reponunt,

151 2185 255 2258 Deus.
281 2186 398 2252 scilicet
433 2184 694 2252 indiscriminatim
727 2177 870 2254 eamdem
902 2171 1047 2240 omnibus

152 2274 206 2342 dat
232 2275 383 2365 gratiam,
403 2287 490 2360 ¹quae
513 2273 556 2339 ob
591 2268 763 2351 voluntatis
789 2284 981 2329 consensum
1012 2261 1045 2346 tlt

149 2360 282 2451 efficax,
312 2365 476 2430 ueletiam
500 2365 587 2428 Deus
616 2354 768 2446 praevidit
785 2348 1047 2428 circumstantias,
1117 2353 1118 2424 l

148 2450 182 2538 in
207 2450 322 2540 quibus
349 2444 686 2531 voluntascon‘stituta
704 2446 803 2532 ipsam
831 2442 961 2530 gratiam
979 2435 1047 2522 red·
1117 2429 1118 2440 ’

152 2537 203 2604 dit
228 2537 405 2606 efficacem:
430 2541 521 2606 Deus
545 2555 650 2604 antem
673 2526 1049 2612 misericorditetconsti-

154 2625 217 2690 tuit
236 2626 431 2692 voluntatem
446 2631 476 2694 in
495 2629 529 2692 iis
550 2623 814 2696 circumstantiis,
835 2638 912 2706 quas
929 2617 1049 2704 praevi·

155 2711 201 2778 dit
220 2713 263 2776 ita
284 2733 462 2800 congruas,
489 2734 526 2780 ut
550 2717 647 2802 gratia
664 2731 755 2776 suum
780 2705 926 2784 effectum
955 2699 1048 2766 infal-

74 2811 77 2818 '
151 2799 271 2864 liblitcr
296 2801 334 2862 sit
361 2799 574 2866 habituram
596 2801 655 2864 hac
676 2797 783 2880 ultima
812 2793 965 2882 opinione
991 2792 1051 2874 cir·

151 2883 410 2985 cumstantiarum
438 2893 625 2976 congruitas
652 2887 720 2972 ipsa
747 2881 865 2946 motiva
895 2901 1052 2966 praesup-

152 2991 258 3056 ponit.
275 2971 367 3042 Hanc
387 2973 565 3058 scholarum
588 2973 766 3063 doctrinam
780 2968 879 3036 fusius
894 2968 1052 3054 explicare
