2298 3418
979 111 986 142 l

191 182 264 272 236.
397 206 632 258 wrrtsrrrvu.
664 210 816 262 eustos:
878 209 881 216 '

187 273 298 360 gitur,
327 287 447 345 certam
472 282 516 346 rei
538 281 752 370 cognitionem
778 303 837 370 per
864 281 1034 352 scientiam

188 362 353 446 obtineri,
383 389 482 456 quum
510 387 596 437 certa
624 369 716 436 nobis
758 372 797 434 sit
831 373 1029 460 propositio,

187 474 285 539 quam
300 458 375 534 [siue
388 455 533 538 directe,
557 461 623 526 sire
648 460 799 526 indirecte
823 461 1032 535 demonstra-

189 562 224 606 re
237 546 377 611 valemus
397 589 407 624 ,
422 549 531 612 utiam
545 550 755 614 ostendimus.
778 559 784 580 ¹

232 627 278 698 ll.
327 634 488 713 Quoniam
510 637 639 704 scientia
666 637 697 702 in
713 633 844 702 numero
859 635 1029 706 habituum

187 730 234 800 est
247 767 258 799 ,
273 721 395 788 habitus
417 727 494 791 vero
519 727 621 792 omnis
645 728 794 794 exercitio
807 741 1028 814 comparatur,
1043 748 1046 756 ·

187 809 319 876 scientia
358 835 488 900 quoque
526 816 677 882 exercitio
711 816 888 900 comparari
910 814 1027 884 debet.

187 893 299 974 Quum
316 901 423 990 itaque
450 903 688 970 demonstrandi
712 902 846 968 habitus«
863 903 900 968 sit
923 903 1030 970 scien-

187 985 253 1063 tia,
280 989 332 1056 ille
356 992 516 1056 scientiam
532 995 602 1081 ipso
625 1015 682 1058 usu
704 1009 890 1081 comparat,
916 994 970 1078 qui
995 996 1030 1060 in

183 1071 513 1146 demonstrationibus
533 1082 759 1148 mathematicis
787 1081 898 1146 sedulo
914 1101 1029 1148 versa-

184 1178 248 1230 tur.
276 1167 397 1233 Omnes
421 1170 504 1234 enim
529 1170 764 1236 demonstrandi
787 1171 869 1259 leges
888 1186 1035 1236 accura··

186 1267 221 1318 te
255 1255 431 1342 adimplent
464 1277 657 1346 geometrae.
692 1258 795 1330 Vnde
832 1275 941 1345 patet,
970 1281 1030 1328 cnr

185 1341 373 1433 philosophi
399 1362 521 1412 veteres
544 1349 734 1436 geometriae
758 1345 899 1412 studium
922 1346 1031 1435 philo-

185 1431 319 1518 sophiae
331 1435 595 1520 praemittendum
608 1437 779 1503 voluerint.
792 1435 954 1514 Quoniam
972 1437 1032 1504 de-

187 1520 283 1606 nique
308 1519 411 1588 forma
439 1524 715 1600 demonstrationis
751 1525 899 1590 distincte
924 1527 1033 1612 expli-

188 1623 280 1686 catur
294 1611 334 1674 ‘in
362 1613 494 1700 logica,
525 1635 581 1680 uec
604 1617 670 1682 sine
692 1614 812 1703 logicae
838 1614 960 1678 theoria
977 1615 1036 1678 in-·

189 1697 258 1763 telli
282 1700 290 1764 i
316 1719 424 1785 potest
448 1747 460 1779 ,
483 1719 520 1766 ut
543 1704 644 1792 liquet
673 1727 713 1770 ex
741 1705 800 1782 iis,
825 1723 906 1787 quae
936 1723 1032 1788 supra

188 1783 230 1851 de
255 1719 530 1855 demonstratione
546 1791 708 1871 discimus,
731 1790 786 1880 qui
801 1789 842 1856 ad
868 1791 1032 1857 scientiam

188 1874 332 1962 adspirat
348 1921 357 1954 ,
374 1876 495 1966 logicae
512 1899 685 1970 praecepta
700 1879 754 1944 sibi
773 1877 933 1944 familiaria
952 1879 1033 1945 ted·

188 1960 263 2046 dere
275 2007 285 2042 ,
299 1961 431 2031 formam
449 1967 726 2034 demonstrationis
744 1968 894 2034 distincte
909 1989 1034 2056 agnos·

188 2071 284 2130 cere,
310 2069 343 2118 et
367 2054 521 2146 analysim
544 2058 851 2124 demonstrationum
876 2057 1032 2124 institue·

139 2203 143 2208 ,
189 2141 346 2208 redebet.
376 2143 488 2223 Quum
513 2164 617 2212 antem
640 2147 748 2234 paucis
772 2148 916 2232 exceptis
931 2146 1032 2210 scho-

190 2226 292 2295 larum
324 2234 591 2320 quaestionibus,
619 2236 724 2300 omnia
761 2233 1031 2300 demonstraveri-

190 2338 260 2384 mus
276 2365 287 2401 ,
303 2341 386 2409 quae
414 2324 445 2387 iu
469 2323 572 2411 logica
599 2327 849 2411 proposuimus,
870 2339 902 2387 et
917 2323 1032 2390 eodem

192 2409 291 2474 modo
316 2413 415 2479 multa
433 2411 626 2499 deincepsin
642 2413 707 2482 aliis
723 2409 944 2498 philosophiae
959 2434 1032 2500 par-

188 2493 273 2562 tibus
296 2499 390 2562 simus
414 2498 687 2581 demonstraturi3
712 2500 856 2566 habitum
878 2500 1033 2565 demons-
1075 2525 1077 2537 ’

188 2587 295 2654 trandi
323 2587 381 2651 sibi
414 2590 676 2678 comparabunt,
698 2591 801 2678 quiin
827 2591 1033 2655 demonstra-

184 2674 326 2746 ,tionihus
352 2679 468 2742 nostris
494 2677 725 2768 philosophicis
756 2699 830 2743 cum
856 2677 1033 2745 attentione

190 2764 290 2832 seduli
307 2767 528 2831 versabuntur.
626 2773 627 2780 ’

181 2855 184 2864 ’
234 2849 298 2916 lll.
344 2853 495 2919 Probatio
511 2875 572 2920 non
587 2851 753 2944 sufficiens
768 2852 884 2918 dicitur
893 2900 903 2930 ‚
919 2853 941 2916 si
957 2853 1033 2942 syl·

185 2939 309 3030 logisrni
332 2944 520 3010 contineant
533 2945 719 3033 praemissas
733 2989 746 3024 ,
760 2942 803 3008 de
818 2961 1033 3030 quarumve-
