2258 3428
218 155 274 226 94
471 153 660 204 turrim.
691 145 825 209 curtos.

252 243 514 294 -nontrttrnnrt
547 247 590 292 tut
624 245 778 292 nsrvnn
806 243 903 304 -nu13
939 245 1063 309 runat-

207 313 209 321 '
271 336 313 382 trr
353 335 481 382 ntuetr
506 333 828 381 orsrmovvnrvtt
868 335 1063 386 vrntvtur·

272 424 373 482 nun,
394 420 463 470 ‚sav
496 424 574 470 ovu
602 401 864 488 nvttonmu'uro.

216 650 221 666 ‚
290 578 388 646 Prob.
414 599 441 646 ι.
470 600 550 667 pars.
581 599 608 644 t.
634 577 830 646 Comentitia
857 599 905 646 est
932 580 1062 650 distinc-

226 670 272 740 tio
299 667 437 734 formalis
458 691 498 733 ex
525 690 636 736 natura
660 671 704 734 rei
729 670 813 756 inter
831 668 1061 740 distinctionem

225 760 340 827 realem
367 777 397 825 et
426 760 552 824 rationis
579 757 694 826 media.
723 757 849 822 Etenim
874 761 976 824 omnis
998 763 1060 848 dis·

224 849 337 912 tinctio
358 847 407 914 vel
434 849 475 924 fit,
494 869 550 935 per
577 865 736 922 mentem,
764 863 895 933 tumque
923 868 971 913 est
997 851 1060 916 dis·

224 937 337 1002 tinctio
352 937 497 1015 rationis,
513 933 564 1000 vel
580 935 613 998 lit
629 935 754 1000 nemine
767 938 964 1024 cogitante,¹
979 956 1061 1009 tunt-

184 1046 195 1062 ·
214 1049 285 1112 ‚que
302 1045 348 1092 est
366 1029 466 1092 realis.
484 1045 526 1090 tt.
548 1023 619 1088 Non
636 1040 710 1108 suut
726 1021 984 1111 multiplicanda
1002 1052 1060 1092 en·

223 1121 275 1182 tia
287 1120 355 1180 sine
369 1119 495 1180 ratione
510 1134 524 1189 ,⁸
550 1113 603 1178 sed
616 1111 795 1177 huiusmodi
808 1113 973 1178 distinctio
984 1117 1060 1182 Sco·

214 1207 246 1270 ,ti
261 1224 307 1272 est
321 1205 452 1267 omnino
466 1201 582 1264 inutilis
607 1225 616 1278 ;
646 1223 722 1274 nam
736 1201 877 1266 virtualis
893 1201 976 1268 idem
992 1207 1060 1292 pla·

209 1315 265 1358 ne
288 1291 405 1368 eflicit,
430 1287 524 1377 ¹quod
542 1286 680 1354 formalis
694 1291 745 1353 illa
768 1291 928 1355 distinctio
953 1313 1060 1379 praes·

223 1376 333 1460 tare't}
362 1401 460 1464 quum
489 1400 545 1463 per
570 1380 734 1443 virtualem
750 1379 985 1453 distinctionem
1013 1405 1059 1448 res

225 1470 337 1537 eadem
366 1487 401 1534 ut
427 1467 593 1553 multiplex
618 1467 840 1553 concipiatur,
871 1486 902 1532 et
919 1469 1059 1556 pluribus

224 1561 318 1628 rebus
336 1558 485 1626 distinctis
504 1555 696 1642 respondeat
714 1579 723 1631 ;
750 1579 827 1644 ergo
843 1555 917 1620 nihil
931 1578 980 1624 est
999 1583 1060 1626 ne-

223 1673 332 1724 cesse,
359 1645 595 1714 distinctionem
624 1642 757 1725 mediam
780 1649 860 1710 inter
886 1647 1001 1712 realem
1030 1667 1061 1716 et

223 1739 386 1804 virtualem
404 1733 605 1797 comminisci.
638 1731 727 1798 Idem
744 1736 830 1798 'enim
842 1753 985 1826 praestat
1002 1759 1059 1802 so-

223 1829 254 1892 la
274 1825 436 1888 distinctio
460 1819 624 1898 virtualis,
655 1843 736 1905 quae
752 1822 867 1888 iccirco
891 1842 923 1888 et
943 1823 1060 1894 forma·

223 1914 259 1978 lis
281 1913 490 1996 dicirpotestt
521 1907 577 1974 sed
602 1930 638 1971 ea
660 1930 723 1972 nott
751 1911 784 1976 fit
806 1911 1060 1996 independenter

223 2003 265 2068 ab
286 2001 457 2066 intellectu.
482 1997 531 2064 Sic
561 1998 592 2060 in
615 1997 688 2063 Deo
711 1999 921 2074 misericordia
944 2020 977 2067 et
994 2002 1062 2070 ius-

222 2091 291 2156 titia
309 2111 372 2156 non
397 2087 529 2177 proprie
551 2087 637 2148 ¹inter
662 2107 695 2150 se
720 2088 982 2175 distinguuntur,
1011 2115 1059 2158 se·

197 2203 198 2208 ¹
223 2203 279 2246 cus
303 2182 332 2242 in
359 2179 430 2244 Deo
453 2195 533 2244 esset
551 2172 723 2238 multorum
748 2177 867 2243 realiter
894 2179 1060 2246 distincto·

222 2293 291 2341 rum
308 2266 527 2357 compositio,
555 2261 643 2350 quod
670 2283 837 2354 repugnat.
868 2263 1060 2354 ltaque-ob·

222 2359 411 2428 servandum
430 2376 508 2434 esta,
539 2374 602 2416 non
629 2350 739 2419 inutile
762 2356 889 2442 quidem
919 2359 1060 2440 plerum·

208 2459 284 2536 'que
299 2469 389 2523 esse,
419 2445 466 2510 res
489 2444 582 2509 etiam
610 2439 757 2524 indivisas
781 2446 867 2530 quasi
888 2468 951 2531 per
978 2471 1060 2534 par-

220 2558 269 2605 tes
287 2534 409 2600 intueri.
425 2531 487 2603 Sed
502 2528 677 2597 cavendum
694 2548 763 2608 est,
791 2556 827 2596 ne
842 2555 909 2596 eam
926 2579 935 2610 ‚
960 2527 1058 2623 quant

221 2648 280 2694 nos
307 2624 364 2710 ipsi
381 2620 508 2698 facimus
535 2619 742 2696 divisionem,
776 2620 866 2684 rebus
894 2623 968 2706 ipsis
994 2629 1059 2690 tri-

221 2716 381 2789 buamus,
408 2727 440 2776 et
466 2731 547 2794 quae
578 2707 644 2770 sola
669 2705 821 2774 differunt
842 2711 1058 2798 cogitatione,

173 2844 176 2847 -
203 2803 352 2872 *omnino
380 2799 512 2865 diversa
527 2794 723 2862 arbitremur.
927 2869 929 2873 ,

233 2961 235 2968 ,
289 2885 388 2958 Ptob.
412 2911 456 2964 2„
471 2907 558 2980 pars.
583 2883 712 2972 Plurimi
730 2883 855 2977 ,gradus
882 2887 974 2976 unius
989 2933 1001 2972 ,
1018 2887 1062 2958 ⁴et
1119 2899 1120 2936 r
