2264 3420
261 129 347 188 unns
362 142 392 188 ιι
408 141 567 188 neuneu.
585 140 663 188 one.
682 141 731 188 ιι.
909 121 954 214 69

140 207 268 278 Obiere.
297 232 323 276 2.
343 210 455 276 Motus
471 210 513 276 ad
528 211 694 278 cerebrum
710 231 775 276 non
789 229 956 300 propaga·

72 312 128 364 tur
143 320 201 388 per
215 320 329 364 nervos
345 345 355 379 ,
373 301 427 385 qui
440 299 480 364 ad
492 299 657 366 cerebrum
671 321 735 366 nort
751 299 956 389 pertingunt,·

75 388 131 454 sed
143 387 273 453 sensorii
290 390 378 454 nervi
390 387 594 475 complures,
608 390 751 454 nimirum
763 387 830 468 60,
847 390 957 477 quiex

74 476 209 542 medulla
224 478 339 564 spinali
350 477 509 566 prodeunt
525 523 537 557 ,
562 477 603 542 ad
617 479 779 544 cerebrum
800 499 863 542 non
878 499 957 566 pro-

74 565 278 642 tenduntut;
301 587 378 652 ergo
402 584 506 632 motus
528 567 628 632 nervis
651 567 793 632 tentoriis
822 564 956 654 impres·

72 673 121 718 sus
135 653 176 720 ad
187 651 355 720 cerebrum
368 675 467 742 usque
481 675 544 720 non
559 673 768 744 propagatur.
787 654 889 744 Retp.
912 654 955 722 C.

20 791 21 796 1
72 742 145 806 mai.
165 742 211 806 N.
237 745 314 806 min.
337 743 422 808 Nam
443 745 580 810 medulla
607 744 733 830 spinalis
754 759 802 808 est
830 742 955 811 cerebri

20 849 23 888 t
69 829 165 918 ipsius
182 851 236 896 seu
253 831 408 898 medullae
421 831 612 922 oblongatae
626 833 822 920 productio,
843 850 876 898 et
887 853 954 900 net·

20 941 26 980 t
70 919 119 984 vis
134 935 266 984 constat
281 920 320 984 ad
341 920 506 986 cerebrum
527 941 628 1006 usque
654 921 822 1006 protentis.
848 920 953 990 Vnde

20 1029 24 1068 r
70 1008 131 1086 fit,
162 1027 198 1071 ut
213 1006 245 1070 in
258 1008 471 1074 vertebrarum
483 1010 568 1076 dorsi
583 1006 797 1074 lunationibus
813 1007 955 1074 membra

20 1119 30 1182 r
73 1096 220 1181 corporis
236 1095 314 1162 infra
327 1097 518 1164 luxationem
536 1097 642 1185 posita
658 1117 690 1166 et
703 1114 824 1161 motum
840 1111 872 1160 et
888 1117 955 1162 sen·

20 1189 31 1249 i
73 1182 278 1264 tibilitarem,
296 1207 376 1274 quae
389 1207 406 1250 a
421 1186 525 1262 nervis
537 1183 615 1252 insta
633 1185 827 1252 luxationem
841 1184 957 1248 consti·

20 1297 29 1339 u
74 1273 150 1341 tutis
162 1274 327 1359 pendent,
345 1276 499 1341 amittant.
516 1276 594 1341 Sunt
611 1276 718 1362 iraque
731 1275 839 1350 nervi,
854 1271 957 1340 veluti

24 1367 31 1423 'r
70 1359 238 1428 cerebrum
253 1364 285 1428 in
298 1384 405 1432 omnes
420 1363 564 1450 corporis
578 1381 681 1452 partes
697 1363 858 1430 diffusum.

24 1471 36 1516 u
137 1450 267 1516 Obiect.
293 1465 324 1539 3.
338 1451 472 1538 Reperti
488 1472 559 1518 sunt
572 1453 735 1529 homines,
750 1450 803 1535 qui
818 1450 884 1517 sine
896 1471 955 1515 ce·

20 1561 37 1608 u
71 1535 165 1604 rebro
180 1538 336 1606 vivebant
349 1563 386 1604 ac
400 1540 555 1606 sentiebat
573 1565 582 1619 ς
600 1563 675 1629 ergo
690 1540 730 1604 ad
748 1541 867 1604 animae
884 1559 955 1604 sen·

23 1633 36 1699 l.
72 1626 226 1694 sationem
239 1649 441 1694 necessenon
455 1646 522 1707 est,
535 1647 571 1694 ut
582 1651 688 1694 ntotus
700 1625 800 1694 nervis
810 1625 955 1692 tentoriis

22 1739 39 1799 et
74 1713 249 1803 impressus
266 1717 307 1782 ad
322 1717 486 1783 cerebrum
499 1739 599 1804 usque
625 1734 829 1807 propagetur.
855 1713 955 1802 Resp.

26 1827 40 1872 r:
76 1802 149 1867 dist.
165 1823 234 1869 ant.
261 1803 409 1873 vivebant
424 1823 456 1872 et
476 1807 654 1874 sentiebant
671 1807 735 1872 sine
755 1805 886 1869 maxima
903 1827 955 1870 ce·

20 1899 37 1966 l
75 1890 153 1957 tebri
169 1909 289 1981 parte,
303 1891 347 1958 C·
363 1938 388 1972 ,,
404 1894 470 1962 sine
494 1895 559 1960 ulla
570 1897 665 1983 ipsius
692 1913 801 1982 parre,
824 1891 872 1956 N.
889 1909 954 1956 ant.

20 2001 42 2057 lu
74 1997 105 2045 et
118 2003 210 2046 cons.
231 1979 340 2046 inillis
358 2000 423 2050 erat
440 1982 565 2070 spinalis
579 1984 737 2061 medulla,
765 1980 844 2048 etin
860 1981 954 2067 ipsius

20 2093 44 2146 ri
74 2069 238 2158 principio
250 2069 432 2156 potuitesse
449 2072 592 2158 specialis
613 2071 766 2159 quaedam
785 2087 955 2150 structura,

22 2183 44 2237 :t
76 2178 138 2242 qua
153 2179 231 2246 pars
241 2157 293 2222 illa
304 2173 379 2246 apta
392 2157 485 2225 fiebat
497 2205 506 2238 ,
520 2179 554 2226 ut
566 2158 683 2226 cerebri
694 2180 823 2224 munere
833 2159 956 2243 aliqua-

20 2273 45 2326 „r
73 2245 167 2311 ‘renus
181 2245 378 2334 fungeretur.
394 2245 547 2314 Ceterum
561 2248 724 2315 verisimile
736 2263 802 2322 est,
816 2245 955 2344 homines

23 2362 44 2413 „r
78 2333 151 2398 illos
168 2334 314 2421 stupidos
338 2335 510 2402 admodum
526 2347 622 2422 alque
639 2333 768 2402 hebetes
792 2331 898 2398 fuisse·
924 2332 955 2398 Si

20 2447 47 2506 ,r
82 2440 190 2489 autem
205 2423 235 2486 in
250 2423 403 2510 aliquibus
418 2425 510 2490 etiam
522 2423 658 2494 abfuerit
671 2421 795 2510 spinalis
806 2419 955 2500 medulla,

20 2507 48 2597 [fir
78 2512 278 2578 necessariae
292 2511 384 2576 huius
400 2514 497 2599 partis
520 2516 602 2580 vices
621 2533 729 2604 gerere
751 2509 863 2577 debuit
883 2530 956 2597 pars

20 2625 49 2685 mr
82 2599 142 2663 alia
156 2645 170 2678 ,
184 2621 404 2689 quaecumque
419 2599 522 2667 fuerit.
547 2602 690 2670 Tandern
708 2617 811 2688 partes
827 2599 893 2664 illas
904 2599 955 2666 ad·

20 2706 50 2773 tl:
83 2681 181 2754 fuisse
196 2731 205 2765 ,
223 2710 262 2753 ex
275 2691 346 2777 ipsa
359 2685 548 2755 cadaverum
558 2693 694 2758 sectione
709 2705 741 2754 et
755 2687 955 2768 observatio-

20 2799 50 2866 nl
83 2797 124 2840 ne
136 2777 314 2844 anatomica
327 2777 482 2856 innotuit3
498 2780 561 2846 lieri
574 2797 679 2846 autem
692 2776 815 2861 potuit,
831 2792 864 2840 ut
878 2794 955 2861 par·
985 2799 988 2805 ¹

20 2889 52 2956 lm,
81 2877 129 2952 tes
151 2863 221 2930 illae
244 2867 275 2930 vi
289 2867 390 2953 ¹ipsius
418 2867 518 2932 morbi
538 2877 752 2953 corruptae'et
773 2863 955 2928 obliteratae

21 2959 51 3043 ,gli
76 2953 238 3040 perierint.
928 3027 938 3045 .

142 3039 268 3124 Oliect·
295 3057 329 3121 4.
355 3039 388 3108 si
399 3053 555 3132 serpentes
573 3084 583 3122 ,
601 3039 739 3106 lacertae
752 3035 956 3122 aliaqueam·
