2326 3438
234 138 594 208 intrusionem.
618 159 696 209 etr.
722 159 767 210 rr.
872 161 936 234 ²57

94 249 178 296 casu
203 249 279 296 vera
305 229 424 295 termini
452 229 612 315 aequivosi
641 230 732 298 notio
756 229 936 320 inquiratur

96 319 300 405 tollaturque
314 318 565 420 pequivocatioe
593 318 623 382 in
640 341 716 386 casu
734 337 839 386 autern
856 341 937 407 pos-

96 407 216 472 teriore
233 449 242 483 ‚
267 405 290 469 si
304 399 514 474 bdhibeantur
529 408 676 496 regulae,
704 429 784 496 quas
798 406 840 473 de
853 431 936 498 pro-

100 496 299 597 positionum
320 495 527 584 oppositione
548 512 580 562 et
600 497 853 566 contradictione
873 498 936 566 de·

99 601 358 650 monstravimus.

120 669 254 742 -V111.
299 669 425 739 Pe'tr'tin
442 674 603 760 principii
625 688 672 738 est
686 721 698 753 ,
726 694 825 762 quum
853 671 936 742 inter

100 760 280 849 principia,
306 761 431 846 quaein
449 761 681 849 propositionis
700 763 829 828 alicuius
852 785 938 851 pto*

100 847 233 916 batione
247 846 458 929 adhibentur,
474 850 573 938 ipsam
588 850 840 938 propositionem
853 873 936 940 pron

103 933 241 1002 bandam
264 959 477 1027 usurpamus,
505 939 689 1018 aureliam,
719 960 798 1026 quae
814 961 851 1005 ex
868 939 936 1028 ipsa

104 1025 328 1114 propositione
352 1025 536 1120 probandae
558 1026 719 1113 pendeat,
748 1046 779 1092 et
798 1049 871 1094 cum
899 1051 936 1096 ea

103 1115 215 1204 aliquo
237 1115 332 1185 modo
352 1131 571 1186 connectatur.
599 1115 655 1180 Ad
678 1114 738 1179 hoc
762 1115 856 1182 etiam
879 1137 937 1180 so·

105 1199 231 1290 phisma
251 1205 388 1268 revocari
412 1218 520 1290 potest
539 1201 709 1290 probatio,
738 1227 819 1292 quae
845 1205 938 1276 elici·

104 1305 168 1365 tur
181 1313 221 1366 ex
242 1292 396 1379 principio
418 1291 459 1356 ab
479 1291 665 1356 adversariis
684 1313 748 1356 non
769 1314 947 1360 concessor

104 1375 149 1444 lu
159 1379 226 1466 pati
239 1380 435 1446 certitudinis
447 1379 548 1469 gradu
558 1379 651 1468 ‚apud
667 1379 850 1452 Catholicos
863 1395 938 1448 sunt

103 1464 183 1544 haec
207 1469 273 1538 duo
298 1469 472 1556 dogmata:
496 1490 601 1550 omnes.
612 1465 701 1550 fidei
720 1469 860 1534 articuli
877 1492 938 1538 uon

100 1555 326 1645 perrumpet
347 1555 451 1648 sulprn
482 1559 683 1643 scripturam
707 1559 845 1641 probari
858 1582 868 1618 .-
896 1555 940 1641 de

95 1641 171 1730 fide
195 1659 274 1724 est,
303 1641 449 1726 infantes
469 1643 586 1710 debere
607 1645 792 1730 baptizari.
821 1640 952 1707 invali··

105 1733 149 1800 de
170 1756 248 1822 ergo
271 1733 422 1800 adversus
445 1730 647 1798 Catholicum
664 1747 940 1819 argumentaretur

105 1821 332 1909 anabaptista,
357 1819 490 1886 infantes
505 1820 701 1906 baptismatis
716 1842 850 1906 capaces
868 1842 942 1908 perv
981 1871 984 1876 a

108 1931 218 1996 petam
244 1909 284 1974 ab
312 1910 371 1974 iliis
393 1911 502 1988 credi,
532 1909 608 1996 quia
637 1909 735 1974 airum
760 1908 818 1974 hac
841 1909 883 1974 de
909 1932 943 1978 re

106 2000 140 2076 jn
170 1999 264 2063 sacris
294 1998 406 2072 litteris
437 1998 592 2064 silentium
620 2018 694 2073 est;
728 2020 826 2086 quum
863 1995 943 2066 itate

109 2086 259 2175 probatio
276 2104 461 2175 supponat,
491 2086 565 2158 nihil
591 2105 658 2152 esse
679 2085 719 2150 de
742 2086 826 2164 fide,
854 2085 943 2170 quod

106 2177 225 2240 nonsit
241 2176 271 2238 in
288 2197 374 2242 sacra
395 2175 580 2260 Scriptura,
611 2195 708 2258 quum
729 2190 833 2236 tamen
851 2175 942 2252 sciat,

105 2262 207 2332 hoca
228 2262 402 2332 Catholicis
425 2262 540 2351 negari.
557 2261 659 2327 -Simili
683 2261 804 2328 tatione
827 2261 866 2324 ad
889 2281 945 2328 re·
992 2304 994 2312 r

108 2347 265 2418 ieilendos
278 2352 463 2418 Haereticos
477 2350 562 2414 nulla
575 2346 715 2412 adhiberi
728 2346 847 2413 debent
858 2350 947 2432 prin·

108 2440 198 2528 oipia
217 2439 272 2504 nisi
295 2441 334 2504 ab
358 2439 435 2528 ipsis
456 2450 628 2514 concessa;
658 2454 712 2502 aut
734 2438 757 2502 si
783 2458 819 2502 ea
843 2457 946 2523 nega-

111 2529 214 2594 verint
227 2574 239 2607 ,
268 2527 486 2614 probationem
512 2527 668 2613 praemitti
695 2547 856 2590 necessum
873 2541 944 2594 ¹est.
1044 2603 1045 2608 ἵ

158 2612 219 2681 ΙΧ.
264 2618 294 2681 Si
308 2618 378 2704 quis
394 2617 562 2682 assentitur
576 2613 791 2702 propositioni
809 2658 819 2690 ‚
847 2635 947 2700 quam

110 2703 165 2770 vei
188 2724 252 2770 non
280 2708 353 2770 satis
380 2704 549 2792 intelligit,
577 2703 629 2768 vel
653 2701 843 2766 sufficienter
865 2722 948 2786 pro-¹·

107 2791 191 2862 bare
215 2796 347 2876 nequit,
375 2793 398 2856 is
414 2790 555 2878 periculo
570 2793 692 2856 errandi
710 2812 777 2854 sese
800 2791 958 2874 exponit,

112 2880 204 2972 quod
223 2901 280 2967 per
301 2904 333 2950 se
348 2881 448 2974 patet.
476 2879 578 2949 Porro
600 2881 622 2944 si
642 2880 711 2968 quis
728 2877 838 2946 thesim
853 2876 947 2944 suti..

111 2985 114 2990 ·
162 2968 252 3064 ¹Torta.
266 2967 298 3036 1.
531 3005 532 3010 κ
603 2967 638 3034 R
