2264 3420
189 80 233 170 76
435 103 621 150 rrrsrrrva.
638 98 778 150 turtur.

186 170 288 236 videri
317 191 375 260 per
404 173 520 240 vitrum
547 193 746 252 concavum,
768 170 900 262 perinde
929 168 990 238 hic
1015 192 1074 238 sese

184 255 327 339 habebit,
342 259 414 325 acsi
430 262 626 344 nudooculo
641 261 674 326 in
688 262 781 326 turris
798 259 963 348 praealtae
980 257 1075 326 fasti-

185 348 237 434 gio
248 350 488 436 conspiceretur
502 397 512 431 ,
525 370 619 438 atque
630 353 661 414 in
675 349 736 414 hoc
749 371 824 414 casu
837 349 1011 414 diversitas
1025 350 1077 412 vi-

185 435 279 499 sionis
293 437 410 523 pendet
425 457 494 502 tum
525 462 543 504 a
558 437 783 504 constitutione
808 437 920 526 organi
940 482 951 517 ,
970 455 1075 504 tuma

187 523 286 588 modo
300 569 310 604 ,
330 547 395 612 quo
407 525 564 594 obiectum
577 528 617 593 ad
627 549 778 616 organum
789 523 937 592 refertur.
954 523 995 591 ln
1008 526 1073 591 aliis

182 611 327 700 sensibus
338 636 385 678 res
399 615 509 682 eadem
525 616 720 705 experientia
732 615 951 680 confirmatur.
966 613 1070 679 Itata·

1115 594 1116 604 t
1121 599 1122 606 r

1115 609 1117 617 r

183 718 256 766 ctus
272 701 304 768 in
320 722 405 786 parte
422 707 563 793 corporis
588 722 720 769 contusa
748 704 838 770 aliter
861 724 933 769 sese
960 702 1066 798 nabet,

185 809 281 877 quam
295 789 348 854 ubi
363 793 447 856 nulla
461 793 543 858 lacta
556 789 614 857 fuit
627 791 787 859 contusio.

252 874 364 966 ltaque
380 881 420 946 ad
436 880 644 972 detegendam
659 880 899 966 cavendamque
916 900 1058 946 sensuum

182 960 336 1031 fallaciam
361 971 515 1056 plurimae
542 972 637 1034 statui
665 986 799 1058 possunt
823 970 969 1072 regulae.
985 969 1022 1032 Et
1032 987 1055 1033 1.

182 1054 313 1142 quidem
325 1079 478 1148 organum
492 1059 665 1125 sensorium
679 1061 736 1125 rite
747 1072 963 1128 constitutum
990 1078 1062 1122 cen·

182 1144 242 1208 seri
260 1144 419 1226 debet,si
435 1147 515 1212 idem
529 1147 692 1213 obiectum
705 1146 793 1234 quod
820 1143 938 1210 eodem
971 1145 1063 1211 modu
1122 1159 1123 1172 ¹

184 1251 250 1296 sese
267 1231 361 1298 habet
386 1234 427 1300 ad
442 1257 615 1324 organum,
631 1257 696 1320 quo
721 1235 806 1300 alias'
817 1254 883 1298 sese
909 1231 1062 1313 habebat,

182 1318 246 1385 tale
257 1342 386 1406 quoque
403 1341 535 1411 apparet
549 1325 642 1412 quale
659 1325 731 1388 alias
750 1321 912 1412 apparuit.
925 1322 982 1386 Sic
990 1343 1060 1388 oeu-

180 1403 232 1469 lus
246 1409 303 1475 rite
315 1413 510 1476 constitutus
524 1431 570 1478 est
581 1433 592 1491 ‚¹
604 1412 628 1476 si
654 1412 737 1479 idem
763 1411 925 1476 obiectum
949 1412 983 1472 in
1010 1433 1063 1477 ea-

168 1493 253 1560 sdem
268 1497 410 1564 distantia
435 1499 612 1587 eodemque
634 1501 720 1579 situ,
743 1499 859 1564 lumine
884 1496 926 1562 ad
942 1499 1062 1564 claram

181 1583 427 1676 distinctamque
453 1589 603 1654 visionem
630 1587 805 1654 sufficiente
822 1585 1060 1668 collustratum,

179 1674 250 1738 tale¹
261 1694 394 1763 apparet
407 1723 416 1756 ,
431 1678 526 1765 quale
543 1695 636 1742 antea
649 1677 680 1741 in
709 1677 818 1744 eadem
834 1673 988 1740 distantia
1004 1698 1064 1740 eo·

182 1759 319 1848 demque
335 1767 394 1848 situ
411 1783 441 1831 et
457 1765 568 1832 eodem
596 1765 722 1832 lumime
752 1764 937 1830 illustratum
970 1763 1064 1828 nobit

180 1852 344 1938 appatuit.
368 1872 409 1917 11.
430 1853 461 1916 Si
476 1870 601 1919 constet
617 1875 794 1945 ‚organum
810 1851 990 1921 sensorium
1007 1854 1063 1919 rite

181 1959 250 2004 esse
261 1940 471 2006 constitutum
490 1986 499 2021 ,
513 1943 672 2007 obiectum
688 1965 765 2009 vero
778 1941 939 2006 nunidem
952 1962 1062 2028 appa·

93 2029 95 2034 '
183 2044 272 2107 reat,
289 2027 379 2114 quale
392 2029 471 2096 aliae
485 2033 584 2096 risum
603 2051 671 2110 est,
685 2031 715 2096 in
739 2031 811 2119 ipso
821 2027 945 2094 obiecto
963 2029 1018 2094 vel
1031 2031 1062 2094 in

179 2111 251 2202 ipso
268 2117 364 2182 modo
379 2117 496 2204 aliquid
512 2119 709 2185 immutatum
725 2115 814 2184 fuisse
828 2165 839 2197 ‚
854 2132 938 2182 recte
961 2117 1061 2182 colli-

86 2265 90 2272 .
182 2202 278 2292 gitur.
303 2224 359 2272 111.
375 2207 405 2273 Si
421 2223 567 2286 constet,
579 2206 740 2272 obiectum
754 2207 836 2272 idem
848 2205 957 2271 eodem
983 2227 1060 2272 mo-

181 2291 226 2358 do
241 2315 309 2362 sese
319 2293 433 2362 habere
445 2341 454 2372 ,
467 2296 842 2362 sensualemveruideam
852 2290 941 2357 nobis
953 2291 1058 2360 diver·

181 2402 246 2445 sam
263 2385 360 2450 inesse
375 2406 547 2474 ;organum
563 2386 736 2457 sensorium
749 2405 812 2449 non
829 2382 941 2449 eodem
957 2381 1058 2446 modo

181 2473 394 2536 constitutum
420 2495 488 2539 esse
513 2475 623 2539 merito
651 2471 793 2538 infertur.
816 2468 917 2559 Igitur
943 2491 984 2534 ex
1010 2469 1055 2534 his

182 2558 296 2644 regulis
323 2578 503 2626 constantes
525 2561 724 2627 obiectorum
736 2559 933 2650 apparentias
946 2555 986 2621 ab
1002 2557 1054 2622 in-

181 2647 402 2712 constantibus
419 2649 491 2713 licet
505 2649 696 2716 discernere.

225 2731 275 2794 Ex
299 2733 408 2799 iisdem
429 2737 540 2824 regulis
565 2738 687 2803 diversa
711 2758 843 2824 quoque
864 2755 1055 2822 organorum

180 2815 284 2884 ofticia
300 2823 501 2909 colliguntur.
529 2825 559 2889 Si
573 2824 732 2890 obiectum
748 2824 831 2890 idem
855 2821 998 2889 sensibile
1025 2826 1053 2888 in

180 2905 304 2971 diversa
317 2907 433 2993 organa
449 2911 584 2976 sensoria
599 2913 662 2998 agit
675 2957 685 2990 ‚
700 2913 791 2978 ideae
809 2909 991 2978 materiales
1023 2931 1052 2978 et

180 2995 338 3061 sensuales
352 2995 492 3064 diversae
507 3015 590 3064 sunt.
606 2999 693 3066 Nam
707 3000 901 3090 experientia
914 3016 1052 3083 constat,
