2258 3428
218 112 390 179 *mrum
415 105 584 180 rosione.
606 127 683 182 oar.
706 127 750 178 tt.
840 129 904 205 ¹⁵7

63 199 145 266 dent
161 199 431 290 notiocomplexa
447 199 622 290 respondet
644 199 704 292 ipsi
728 198 771 269 rei
793 197 907 268 defini-

64 307 124 354 tae
136 288 410 377 etnotioui,quae
421 289 702 380 perdefinitionem
714 288 906 379 explicatur.
942 361 947 372 ,

48 423 52 427 -
115 371 157 441 Il.
200 377 391 467 Propositio
405 382 548 446 converti
569 377 703 458 dicitur,
725 379 749 444 si
773 378 908 466 praedi-

70 482 167 530 catum
193 467 250 531 fiat
275 465 473 546 subiectum,
500 484 532 534 et
554 464 729 534 subiectum
745 469 907 538 vicevetsa

73 554 118 618 fin
142 554 371 642 praedicatum.
400 555 494 634 Quae
518 572 623 624 autern
646 577 702 644 pet
726 555 807 623 hanc
827 577 908 622 con·

68 644 247 708 versionem
274 643 381 730 prodit
408 644 607 732 propositio,
636 665 790 712 conuersa
818 647 907 713 alte-

62 729 125 796 rins
147 731 344 819 appellatur.
365 731 405 798 E.
422 755 452 821 g.
467 731 718 822 propositionist
735 739 837 800 omnis
852 733 907 800 lto·

62 841 112 885 nto
137 836 188 884 ert
217 819 346 888 animal
370 820 559 901 rationale,
586 841 740 888 conversa
770 840 817 887 est
847 823 908 894 ista

62 907 187 974 altera:
216 929 303 975 omne
327 907 454 976 animal
479 908 644 978 rationale
667 924 717 976 est
739 906 838 992 lamo,

134 993 266 1080 Triplex
288 999 319 1062 in
343 996 459 1064 scholis
476 996 642 1066 conversio
657 998 739 1064 solet
755 996 907 1087 distingui

66 1082 233 1172 simplex,
251 1107 309 1173 per
332 1085 505 1167 accidens,
527 1102 560 1154 rt
580 1107 643 1176 per
664 1090 910 1176 contrapositio·

71 1192 157 1238 nem.
179 1171 352 1241 Conversio
377 1176 508 1262 simplex
529 1197 566 1241 ea
593 1193 659 1254 est,
675 1175 704 1240 in
720 1195 784 1259 qua
801 1196 908 1242 rema-

68 1275 126 1326 net
148 1260 257 1330 eadem
275 1263 502 1352 propositionis
518 1267 688 1352 quantitas.
704 1261 908 1352 Propositio·

67 1369 123 1415 nes
139 1351 331 1418 universales
351 1371 520 1442 negantes,
544 1373 575 1420 et
598 1352 800 1440 particulares
818 1349 908 1419 affir-
976 1413 980 1424 ,

70 1457 188 1507 mantes
204 1457 343 1529 possunt
360 1462 484 1529 semper
498 1441 642 1508 converti
655 1440 856 1528 simpliciters
871 1458 909 1508 ut

70 1527 180 1595 nullus
205 1529 296 1596 lanto
323 1545 373 1595 est
399 1534 433 1596 in
457 1533 600 1597 omnibns
622 1549 661 1595 sa
685 1534 773 1593 iens.-
796 1525 909 1594 nullut
987 1611 990 1623 ,

71 1618 103 1680 in
122 1621 271 1686 omnibus
291 1623 426 1707 rapiens
449 1635 496 1685 est
518 1617 620 1698 ⁴lrornn.
681 1616 826 1682 onversio
868 1635 909 1692 ,er

73 1702 211 1774 accidens
238 1726 287 1774 est
308 1708 385 1788 illa,
409 1709 438 1772 in
462 1728 525 1794 qua
548 1728 612 1772 non
636 1719 775 1772 remanet
797 1728 833 1772 ea
859 1727 910 1772 em

75 1796 298 1884 propositionis
322 1797 491 1884 quaptitas.
520 1793 571 1860 lta
600 1816 699 1883 quum
727 1793 909 1883 propositio

74 1884 254 1953 universalis
282 1882 435 1950 affirmans
461 1886 492 1950 in
518 1885 737 1972 particularem
765 1904 908 1950 conver·

71 1970 161 2038 titurt
177 1987 234 2040 ‘ut
260 1971 349 2038 horno
377 1989 426 2040 est
455 1971 582 2040 animal
590 1996 599 2039 t
621 1971 763 2062 aliquod
782 1969 912 2042 animal

71 2077 115 2125 rst
137 2061 240 2128 homo.
266 2059 444 2127 Conversio
464 2081 526 2147 per
540 2063 843 2147 contrapositionem
859 2061 908 2140 lit,

73 2167 167 2232 quom
193 2149 317 2217 termini
342 2169 380 2215 ex
405 2151 497 2214 finitis
521 2171 581 2236 per
604 2147 811 2215 adiectionem
834 2171 909 2238 par·

72 2237 183 2305 titulae
207 2238 270 2304 non
296 2239 361 2305 fieri
386 2237 535 2304 dicuntur
557 2231 681 2320 infiniti
689 2261 698 2300 s
723 2253 757 2298 ut
782 2235 908 2325 aliquit

75 2322 156 2392 inmo
185 2350 247 2394 non
272 2330 470 2393 attinetur:
492 2324 617 2415 aliquis
635 2346 696 2390 non
715 2326 823 2388 iustus
847 2346 909 2392 nott

77 2429 205 2482 estnon
231 2415 342 2494 homo,
370 2416 419 2481 vel
446 2416 546 2479 omnis
573 2412 660 2479 homo
688 2426 738 2478 ert
768 2409 909 2479 animale

78 2521 182 2582 omne,
211 2502 303 2592 quod
321 2525 381 2568 non
405 2517 456 2569 est
477 2499 624 2580 animal,
647 2517 697 2568 ert
722 2522 782 2566 non
808 2499 908 2571 loma.

80 2588 298 2658 Conversionis
322 2591 403 2680 leges
426 2591 488 2655 hoc
511 2589 645 2658 disticho
669 2589 826 2658 iuvandae
843 2613 909 2660 me·

83 2680 192 2745 moriae
217 2701 312 2744 causa
339 2679 667 2766 comprehenduntur.

134 2767 173 2922 ξ
183 2817 195 2848 ,
218 2767 241 2834 Ι
249 2813 259 2848 ,
281 2768 461 2859 simpliciter
474 2769 686 2849 convertitur,
704 2763 739 2834 E
749 2810 761 2851 ,
776 2763 832 2854 A,
848 2783 911 2858 pes

86 2869 143 2919 icc!
167 2879 231 2924 ens.
485 2879 488 2886 ·
