2270 3416
176 116 240 180 150
421 113 622 162 -msrtrvau
646 111 780 160 tultos.
1035 153 1040 168 ,

173 208 238 272 que
262 207 302 254 ex
325 183 382 266 iis,
406 207 487 271 quae
508 183 643 250 diximus
667 183 697 244 in
713 182 833 270 logica,
857 178 1006 246 evidens
1032 195 1084 259 est,

173 293 333 360 tamquam
369 273 552 362 primarium
577 269 638 336 Dei
669 269 842 336 atributum
882 270 1084 336 considerari

172 385 264 452 posse
281 365 331 430 vel
345 363 539 438 acritatem,
554 375 592 422 ut
605 357 717 438 volunt
734 357 828 444 aliqui
843 355 1027 447 theologi,
1041 361 1086 425 vel

167 451 402 540 perfectionem
435 446 649 530 omnimodam
687 445 738 512 vel
780 442 998 530 infinitatem
1038 467 1086 513 aut

172 546 236 610 vim
262 537 372 609 intelli
393 537 471 605 rudi
491 533 790 624 perfectissimam,
813 551 847 618 pt
873 535 1005 600 volunt
1028 538 1085 601 alii.

173 627 240 698 Res
263 560 395 715 pertndge
416 648 450 694 se
470 623 585 702 habet,
605 645 702 710 quum
721 643 759 688 ex
777 621 908 710 singulis
936 625 1002 688 illis
1019 647 1084 712 per·

172 714 383 794 sectionibus,
417 714 442 781 si
472 713 711 776 considerentur
741 728 904 795 tamquam
950 713 1083 800 primae,

172 805 277 892 colligi
305 803 428 891 possint
448 801 527 866 alise
552 820 660 866 ornnes
683 797 912 885 perfectiones.
950 841 965 854 -·

138 949 142 959 r
182 963 188 982 ,
231 893 365 958 oriar.
395 913 425 958 ι.
452 889 546 955 Enria
571 887 793 977 contingenter
823 887 1009 961 existentia
1021 910 1082 954 non

174 979 309 1068 possunt
334 1001 400 1046 esse
429 977 565 1044 medium
587 975 862 1046 demonstrationis
890 978 1082 1044 existentiae

175 1071 254 1136 entis
277 1065 463 1144 necessarii3
484 1065 540 1132 sed
563 1064 697 1128 mundus
711 1081 758 1130 est
776 1085 829 1130 ens
850 1066 1084 1156 contingenter

87 1234 92 1239 ,
176 1161 332 1234 existens;
363 1175 439 1242 ergo
462 1176 502 1220 ex
521 1151 792 1240 contemplatione
821 1153 943 1218 mundi
970 1158 1085 1244 adspe-

177 1245 297 1316 csrbilis
324 1241 533 1320 demonstrari
564 1261 629 1308 non
663 1259 772 1328 potest
800 1241 990 1310 existentia
1017 1245 1086 1310 Dei.

177 1330 273 1398 Prob.
304 1331 393 1394 mai:
424 1330 564 1395 Medium
588 1327 868 1394 demonstrationis
892 1330 1002 1397 debet
1022 1353 1088 1398 esse

176 1419 399 1499 necessarium:
415 1440 493 1506 ergo
521 1439 559 1484 ex
578 1417 741 1482 existentia
755 1416 833 1484 entis
861 1420 1086 1510 contingentis

178 1504 384 1588 demonstrari
427 1508 535 1593 nequit
575 1504 739 1570 existentia
773 1505 854 1572 eutis
896 1509 1084 1576 necessarii.

178 1595 275 1682 Resp.
291 1595 363 1660 dist.
378 1611 444 1660 ant.
458 1592 672 1682 probationis:
686 1586 821 1658 medium
834 1593 1086 1664 demonstratio·

178 1683 226 1764 pis
251 1683 348 1750 debet
375 1703 441 1746 esse
466 1682 670 1754 necessarium
689 1681 876 1766 necessitate
903 1690 1088 1768 connesta-

179 1775 253 1854 φῇ,
274 1772 316 1846 C.
342 1769 526 1843 necessitate
548 1774 599 1836 rei
618 1789 674 1836 seu
690 1773 911 1849 existentiae,
944 1774 996 1838 N.
1028 1793 1100 1842 ant..

178 1875 211 1928 et
234 1880 324 1927 cons.
351 1855 439 1924 luter
467 1859 670 1960 existentiam·
697 1859 775 1923 entis
802 1859 1028 1950 contingentis
1058 1878 1087 1930 et

180 1965 378 2023 esrsteptram
403 1963 482 2012 enus
509 1967 672 2017 necessaris
695 1967 866 2015 necessarus
893 1969 949 2020 est
966 1973 1086 2018 conne-

180 2036 253 2101 xio:
279 2034 369 2122 quod
392 2028 524 2114 sufficit,
546 2053 582 2108 ut
607 2055 647 2103 ex
672 2035 751 2099 entis
773 2034 997 2122 contingentis
1031 2061 1087 2104 ex·

180 2120 305 2193 istentia
337 2122 582 2200 concludamus,
610 2121 744 2193 existere
770 2144 825 2188 ens
855 2131 1085 2204 necessarium,

182 2230 235 2292 seu
260 2232 314 2276 ens
331 2233 415 2288 ase.
441 2211 531 2298 quod
552 2209 737 2278 existentiae
762 2211 840 2276 entis
861 2215 1085 2304 contingentis

180 2303 332 2367 rationem
353 2297 556 2382 sufficientem
577 2299 749 2366 contineat.

247 2387 332 2454 last.
363 2409 391 2454 ι.
418 2387 524 2454 Omne
537 2409 597 2470 ens
613 2388 797 2475 contingens
818 2386 942 2454 linitum
961 2408 1036 2470 est,
1059 2407 1086 2462 et

181 2495 236 2544 ens
252 2475 519 2550 necessariumest
536 2475 710 2555 inlinitum
728 2475 782 2542 sed
793 2497 833 2540 ex
844 2478 923 2540 entis
939 2480 1025 2552 finiti
1040 2503 1085 2544 ex·

181 2561 304 2630 istentia
330 2564 540 2631 demonstrari
571 2585 635 2630 non
658 2579 784 2652 potest,
803 2563 936 2632 existere
960 2591 1021 2636 ens
1038 2571 1084 2632 iu·

181 2649 323 2730 finitum,
348 2673 420 2736 natu
441 2655 528 2721 nulla
552 2671 597 2719 est
622 2653 788 2740 proportio
814 2653 894 2716 inter
913 2655 1043 2720 linitum
1058 2672 1083 2720 et

121 2771 124 2777 ⁴
184 2733 357 2812 infinitum
385 2761 461 2826 ergo
495 2764 535 2808 ex
563 2744 642 2806 entis
675 2739 887 2828 contingentis
915 2745 1082 2820 existentia

181 2821 388 2892 demonstrari
400 2829 507 2914 nequit
523 2829 774 2900 existentiaentis
790 2831 1081 2916 necessarii.Resp.

183 2907 255 2976 dist.
280 2908 499 2994 probationem
520 2917 611 2982 mim:
628 2919 706 2980 inter
725 2937 783 2980 ens
808 2917 932 2996 finitum
954 2937 986 2984 et
1013 2922 1081 2986 infi-

180 2995 282 3076 nitum
309 2997 395 3078 nulla
417 3019 465 3075 est
482 3004 653 3094 proportio
677 3007 851 3089 caritatis,
867 3004 906 3070 C.
919 3006 1080 3086 ,habiero

874 3199 902 3216 N
