2298 3418
181 153 322 201 rsus-tt.
346 147 521 198 tontontt.
548 147 624 196 ont.
653 151 726 204 ιιι.
804 159 865 236 πῃ

49 223 51 302 ξ
83 218 133 282 bris
153 219 296 288 involvunt.
312 223 449 292 ¹Verum
472 219 687 288 sublimaiotes
709 221 781 292 illae
806 231 869 295 ob·

49 303 51 364 l
84 309 190 376 iectioner
204 313 240 378 ad
260 311 341 379 hanc
363 309 580 400 quaestionem
605 331 668 374 non
691 315 868 400 pertinent.

86 394 147 458 Nan
167 401 270 482 homo,
302 400 357 488 qui
392 402 551 488 ignoraret
586 396 646 464 Dei
674 401 868 474 decretatis

88 487 283 632 poeniendam,
302 509 408 553 tamen
428 486 659 554 evidentissime
679 495 870 582 perciperet,

106 593 170 640 rtrun
190 601 251 644 cras
273 599 341 645 esse
355 595 560 663 peccaturum
576 575 625 640 vel
646 599 730 658 non;
747 604 873 650 utrunt·

88 667 206 744 qnesinul
219 667 279 734 tieri
298 687 362 729 non
378 686 480 751 posse.
500 669 549 728 Ac
566 664 723 751 proinde,
738 673 872 738 alterurn

83 769 106 810 rt
128 752 162 818 hir
184 753 453 846 propositionibus
480 775 548 819 esse
584 773 710 834 reram,
742 761 873 829 alteram

80 833 173 924 stiunt,
196 867 231 910 ex
258 863 371 911 natura
404 840 662 932 propositionum
696 841 754 908 sibi
787 869 874 914 con-

78 929 254 999 tradicentium
281 931 374 998 facile
397 930 615 997 concluderet.

276 1103 553 1178 ARTIGVLVS
584 1101 631 1172 11.

77 1271 119 1343 Dr
135 1284 394 1374 propositionibus
423 1281 787 1365 indemonstrabilibus,
812 1289 876 1356 ds-

123 1379 353 1454 rnonstratiuir,
374 1371 559 1438 theoreticis
582 1385 614 1437 tt
635 1379 812 1461 practicis.

80 1565 124 1694 ln
134 1635 465 1730 omnipropotitione,
477 1634 617 1702 terminis
631 1633 820 1716 intellectis,
832 1639 885 1705 vel

76 1719 140 1785 uobis
161 1749 263 1814 pater,
294 1725 510 1814 praedicatum
537 1728 567 1788 in
593 1725 779 1790 rr'firrnniva
804 1751 881 1812 pro-

76 1807 199 1885 positione
226 1816 373 1881 subiecto
398 1815 591 1892 contenire,
616 1830 648 1880 et
676 1813 707 1876 in
734 1817 883 1904 negativa

77 1911 121 1960 non
139 1906 325 1981 convenire;
353 1901 405 1967 vel
431 1902 522 1966 nobis
551 1923 614 1965 non
641 1921 737 1988 patet.
764 1906 793 1969 Si
821 1907 885 1995 pri·

77 1998 155 2068 mutu
183 1994 362 2082 propositio
384 1989 686 2056 indemonstrabilis
708 1991 839 2059 dicitur:
863 1999 888 2062 si
959 2021 960 2026 ¹

77 2081 218 2148 retundunt
230 2107 246 2160 ,·
275 2081 536 2146 demonstrativa
561 2079 750 2165 appellatur.
775 2080 888 2148 Omnis

76 2155 144 2239 igitur
157 2170 356 2260 propositio,
377 2167 428 2231 vel
449 2183 497 2233 est
512 2165 819 2248 indemonstrabilis,
838 2173 889 2238 vel

77 2247 308 2324 demonstrativa.
325 2257 448 2319 Rursus
471 2255 571 2318 omnis
595 2255 773 2342 propositio
798 2259 890 2324 affir-

76 2356 182 2412 natant
202 2365 300 2436 negat
323 2342 440 2432 aliquid
463 2343 605 2408 subiecto
626 2345 816 2431 convenire,
842 2350 894 2416 vel

77 2424 185 2500 altirrnat
212 2455 271 2502 aut
299 2451 391 2522 negat
418 2433 538 2522 aliquid
566 2431 628 2498 listi
654 2448 708 2496 aut
734 2431 797 2498 fieri
823 2457 894 2521 por.

77 2531 119 2593 le,
142 2541 172 2586 ut
197 2545 297 2612 quum
327 2526 459 2588 dicitur:
490 2521 586 2586 Deus
614 2535 663 2586 est
684 2523 894 2610 sapientissi-

77 2619 149 2669 ttnr:
174 2613 271 2678 Dens
299 2613 342 2676 ab
363 2609 485 2674 homine
508 2609 671 2676 amandus
695 2625 756 2674 est.
776 2613 805 2676 Si
828 2616 892 2700 pti·
964 2655 968 2662 ,

79 2710 165 2772 nuor,·
187 2699 369 2792 propositio
392 2697 508 2762 dicitur
525 2699 722 2762 theoretica:
746 2698 770 2759 si
789 2721 899 2774 secun·

79 2777 159 2861 durn,·
176 2793 331 2876 practica
354 2804 498 2850 vocatur.
522 2783 702 2869 Propositio
722 2783 900 2858 theoretica

80 2864 345 3026 indeponstrabilis
369 2865 483 2942 dicitur
508 2877 662 3026 eresippus:
681 2886 833 2944 utrorum
849 2896 899 2950 stt

156 2987 215 3030 ont.
237 2965 267 3032 Ι.
