2264 3420
267 143 352 196 rant
365 145 397 196 ιι
414 121 732 198 urrann-narrum
809 183 816 212 ,
931 153 952 220 9

32 211 229 302 quamlibet
246 219 421 306 ‚quamdin
440 219 499 305 ipsi
512 218 614 284 virum
640 217 747 288 fuerit.
760 239 794 284 v.
824 217 893 282 Gra
918 241 956 284 ut

34 302 222 370 cuiuslibet
234 307 417 372 attentionis
440 307 677 372 continuone
690 327 897 375 conservatur
925 323 957 373 et

36 393 215 481 perficitur
229 418 238 457 r
255 393 310 458 din
323 395 504 460 intermisso
519 417 577 460 usn
594 398 757 464 amittitur.
793 395 955 474 Quoniam

38 480 139 546 enim
152 481 250 545 omnis
266 485 448 550 attentionis
462 488 577 572 gradus
603 487 755 550 exercitio
782 503 959 570 eompara-

42 578 131 646 tur,
146 569 340 658 impossibile
351 573 399 638 e'st
415 617 424 650 ‚
439 591 475 638 nt
490 573 674 651 amittatur,
698 571 849 663 quamdiu
863 577 959 638 err‘er-

40 659 165 724 citium
182 658 268 724 istud
283 658 377 724 durat
389 705 399 738 ,
413 662 509 726 immo
524 662 677 726 continuo
703 663 857 729 exercitio
883 681 960 726 cre-

44 749 127 818 scit.
144 747 349 834 Experientia
363 765 468 815 autem
483 751 601 838 probat
615 794 625 828 ,
641 749 822 838 Interrupto
834 769 891 814 utu
903 748 960 816 de-

42 857 200 902 crescere
216 880 226 914 ,
240 856 277 900 ac
293 838 421 903 tandem
435 840 545 904 amitti.
568 857 616 902 vr.
632 838 733 904 Exiit
749 887 760 917 ,
784 859 864 926 quae
880 837 961 904 hao-

39 942 152 992 tenus
169 924 322 1003 diximus,
339 923 431 991 facile
453 927 673 1014 intelliguntur
692 929 876 994 attentionis
900 925 959 991 im·

45 1012 256 1100 pedimenta.
273 1013 418 1080 Artenrio
434 1012 553 1082 facilius
568 1031 774 1082 conservatur
789 1060 799 1094 ,
816 1017 842 1078 si
855 1037 961 1100 panca

34 1101 90 1174 ‚in
108 1121 214 1166 senene
225 1119 371 1166 externos
387 1119 487 1191 agunt
502 1148 513 1182 ,
530 1102 686 1168 difficilius
717 1105 832 1168 verosi
859 1103 959 1170 muita

48 1187 153 1256 simul
170 1189 369 1277 ,praesertim
385 1192 511 1269 raude,
532 1213 648 1280 organa
677 1193 814 1258 sensoria
832 1189 958 1268 feriunt,

51 1295 89 1343 et
119 1277 194 1344 inde
223 1279 399 1364 ert,qnod
424 1301 546 1346 aurora
574 1281 703 1345 dicatur·
726 1283 827 1346 musis
852 1282 967 1344 amira

46 1386 115 1432 seu
129 1363 242 1430 trudiis
254 1413 265 1446 ‚
280 1367 430 1452 quoniam
443 1369 597 1434 matutino
610 1377 756 1456 tempore
771 1387 870 1456 pauca
886 1383 960 1431 sunt

48 1452 211 1531 obiecta,
236 1475 318 1540 qnae
344 1456 388 1518 in*
403 1477 519 1545 organa
548 1458 685 1522 sensoria
711 1474 837 1544 agnnr3
861 1476 960 1541 quum

51 1543 206 1608 nondum
228 1540 349 1610 ferveat
375 1545 448 1610 roiis
476 1563 578 1612 aestus
593 1549 670 1624 ,aer
698 1546 830 1630 strepitu
859 1543 961 1606 horni-

48 1653 137 1698 nurn
164 1652 227 1696 nnn
255 1651 402 1712 resonet,
421 1653 479 1700 nec
506 1653 629 1720 corput
651 1631 833 1719 sibimetipsi
861 1631 964 1696 moire·-

50 1739 145 1785 stum
160 1721 197 1786 eit
212 1767 223 1797 ‚
239 1720 510 1808 quemadmodum
525 1743 540 1785 a
556 1720 690 1810 prandio
705 1720 889 1810 praesertim
906 1719 962 1785 fe-

53 1810 83 1874 ri
100 1807 194 1874 solete
214 1807 385 1878 Accedunt
408 1808 449 1875 ab
467 1809 687 1898 imaginatione
713 1813 851 1876 rationes
883 1807 962 1874 alite

52 1895 228 1985 plurimae.
251 1897 281 1964 Si
310 1898 410 1964 multa
437 1897 656 1986 phantasmata
683 1900 713 1964 in
740 1895 961 1986 imaginatione

55 1985 221 2050 continuo
236 1985 291 2049 ribi
305 1986 443 2054 invicem
452 1987 629 2056 succedunt
644 2033 654 2066 ‚
668 1989 803 2054 attentio
820 1984 961 2050 difficul-

53 2091 110 2139 ter
126 2092 356 2150 conservatum
373 2077 403 2138 in
418 2073 478 2140 hoc
494 2077 577 2142 enim
590 2095 666 2142 casu
691 2095 774 2139 nova
805 2073 961 2140 continno

53 2161 155 2228 nobis
182 2159 372 2228 obiiciuntur
397 2161 629 2251 phantasmata.
653 2163 761 2240 Quare
775 2162 828 2227 nbi
855 2163 896 2226 ad
923 2181 962 2226 ea

54 2248 255 2316 attendimus
272 2267 397 2330 ,certat
412 2252 546 2318 attentio
562 2254 593 2314 irr
608 2249 768 2316 obiectum
780 2297 791 2330 ,
805 2249 846 2314 ad
869 2247 961 2335 quod
1005 2311 1008 2320 Α
1064 2302 1067 2307 .

55 2337 207 2405 eamdem
233 2359 418 2406 conterrere
442 2340 598 2404 volumus.
635 2337 725 2404 Idem
752 2361 770 2402 a
794 2337 961 2424 posteriori

56 2428 176 2514 liquet.
193 2427 223 2490 Si
240 2429 309 2516 qnia
335 2429 416 2496 enim
440 2429 471 2492 irr
484 2425 685 2517 .frequentia
699 2426 870 2492 multorum
897 2423 962 2488 ho÷
989 2474 992 2485 .

59 2517 186 2581 minum
202 2513 262 2605 fnit
279 2561 288 2596 ,
303 2535 334 2582 et
351 2515 392 2584 ad
407 2516 529 2604 singula
547 2561 556 2595 ‚
573 2539 656 2602 qnae
687 2515 728 2580 ibi
759 2514 962 2604 gerebantur,

60 2600 200 2667 muitum
214 2605 375 2684 attendit,
403 2605 502 2671 eidem
526 2605 634 2692 paullo
657 2606 730 2690 po'st
753 2603 914 2668 meditanti
933 2604 964 2667 in

63 2709 204 2758 merrtem
217 2695 348 2776 veniqnt
362 2693 582 2780 phantasmata
599 2693 761 2756 hominum
779 2693 903 2755 iliorum
918 2711 965 2754 re-

63 2800 198 2866 rumque
214 2780 255 2845 ab
271 2782 330 2846 iilis
345 2798 525 2870 gestarum,
541 2800 571 2850 et
586 2781 773 2868 experitur,
787 2801 880 2866 quam
897 2775 965 2841 dif-

63 2866 153 2932 srciie
167 2867 190 2931 si
208 2888 343 2936 merrtem
358 2891 545 2934 conservare
560 2887 711 2934 attentam
736 2866 776 2931 ad
799 2889 859 2942 ea,
884 2885 965 2946 quae
1044 2935 1046 2940 ,

66 2955 354 3025 meditatur.'1dem
369 2960 568 3044 experimur,
583 2977 678 3042 quum
693 2977 748 3039 per
763 2954 885 3037 aliquot
900 2951 965 3014 dies

68 3065 140 3124 rure
151 3045 182 3109 in
191 3043 306 3124 urbem
326 3045 368 3114 ad
381 3063 536 3112 consueta
559 3043 665 3193 stuppa
680 3043 873 3116 revertimur.
887 3036 966 3106 Ve-

669 3147 686 3191 2
