2270 3416
174 93 258 180 178x
434 107 625 156 rttsnrrvr.
652 105 786 158 emtor.
868 121 874 131 ·

171 184 260 246 circo
286 177 389 247 eidem
416 177 558 244 decrevit
575 178 761 253 immittere,
786 191 822 240 ut
842 173 910 244 hoe
932 177 1010 266 ipso
1025 201 1084 248 ma·

170 269 337 334 nifestaret
362 266 591 352 perlectionem
619 287 717 336 suam.
741 265 826 328 Hinc
849 267 951 336 etiam
968 293 1085 338 secun-

171 359 249 426 dum
269 355 423 442 Apostol.
450 377 526 443 cap·
546 376 574 420 r.
590 376 621 418 v.
638 374 692 422 nn.
718 352 811 418 Deus
826 373 863 418 se
877 357 1083 438 manifesta·

168 450 219 514 nit
237 442 416 508 hominibus
431 465 490 531 pet
506 444 698 510 creationem
711 440 804 506 huius
818 441 967 510 universi
975 493 990 523 ,
1006 471 1082 534 qua-

171 550 263 598 tenus
279 553 342 620 prr
365 555 431 608 ea,
451 553 536 618 quat
551 529 655 611 satta
674 547 775 608 tunt,
803 533 998 602 invisibilia
1013 536 1080 614 Dei,

172 622 270 687 veluti
292 623 490 706 sempiterna
516 621 586 683 tius
611 621 718 684 virtus
741 633 773 683 et
788 616 959 686 divinitas
988 623 1078 689 intel-

171 709 324 799 liguntnr.
348 706 452 776 Vnde
466 706 649 795 intelligitur
661 707 797 785 ,Deum
811 707 960 776 voluisse
974 710 1018 776 ab
1029 735 1079 779 ae·

172 817 285 873 terno,
311 814 348 861 ut
373 795 513 862 homines
539 816 595 881 per
617 817 674 874 ea,
699 817 784 881 quae
809 793 908 875 fecit,
929 801 1075 867 attributa

171 887 271 974 ipsius
287 904 490 973 cognoscant.
514 883 708 970 Complenio
724 902 829 948 autem
850 887 1074 954 attributorum

120 995 122 1002 ’
137 1020 145 1037 t
172 975 375 1051 divinorum,
400 991 557 1059 quatenus
574 994 593 1036 a
606 989 752 1038 creatura
767 973 915 1038 rationali
929 980 1071 1064 agnosci-

171 1081 246 1142 tur,
275 1062 391 1136 dicitnt
406 1058 522 1148 gloria
541 1059 618 1126 Dei.
633 1060 736 1133 Vnde
749 1061 879 1147 gloriam
901 1083 997 1129 suam
1010 1089 1071 1132 ma-

172 1151 319 1220 nifestare
344 1149 465 1234 dicitnr
496 1147 615 1228 Dens,
643 1166 800 1234 quatenus
844 1149 1072 1237 perfectionem

173 1261 260 1306 suam
285 1237 432 1302 absolute
455 1257 608 1302 summam
622 1254 677 1302 aut
691 1233 841 1304 attributa
856 1260 919 1304 sua
938 1241 1073 1308 homiui·

172 1329 234 1409 bus
255 1327 387 1394 revelat·
420 1343 431 1370 ⁰
640 1403 643 1413 Ι
679 1339 685 1350 ’

171 1472 176 1481 .
215 1414 318 1484 XlV.
376 1411 468 1480 Cum
500 1409 654 1500 perfectio
689 1410 727 1476 sit
752 1413 930 1482 consensus
954 1421 990 1484 t'n
1014 1441 1071 1486 ua-

171 1504 391 1588 rietatea,[e'x
405 1499 639 1568 demonstratis
653 1502 687 1564 itt
700 1503 880 1590 ontologia]
891 1551 906 1582 ,
929 1527 988 1572 seu
1002 1510 1072 1594 plu-

169 1597 251 1672 tinm
267 1616 283 1660 a
299 1587 477 1660 seinvicem
498 1586 707 1656 differentium
728 1594 962 1660 tendentiaad
981 1611 1072 1660 unum

126 1745 128 1749 Α
161 1681 300 1770 aliquod
315 1675 548 1752 obtinendumt
574 1676 680 1743 omnia
704 1697 786 1762 qnae
804 1698 875 1744 snut
890 1699 923 1746 et
938 1683 1021 1750 finnt
1042 1687 1070 1748 iu

171 1765 342 1844 universo,
370 1767 544 1854 diriguntur
570 1765 611 1844 ad
637 1765 729 1829 finem
758 1768 929 1854 ultimum,
960 1793 1070 1862 nempe
1112 1843 1113 1848 γ

169 1861 212 1927 ad
229 1854 516 1926 manifestationem
529 1851 647 1942 gloriae
660 1853 721 1920 Dei
732 1897 744 1930 „
763 1877 801 1920 ac
818 1855 960 1944 proinde
975 1879 1070 1947 patet,

166 1947 328 2029 ,mundum
343 1966 410 2010 eam
427 1941 542 2007 habere
556 1940 807 2028 perfectionem,
833 1965 916 2032 qnae
944 1948 976 2012 in
1001 1953 1071 2038 glu-

171 2037 235 2100 riae
260 2036 317 2102 Dei
345 2029 594 2098 manifestatione
610 2029 776 2110 consistit,
803 2034 981 2101 secundum
996 2038 1069 2104 illud

171 2126 279 2190 Genes
308 2141 381 2208 cap.
403 2142 430 2186 r.
455 2141 484 2184 u.
511 2140 565 2207 31·
591 2117 675 2186 vidit
698 2119 794 2186 Deus
816 2139 968 2204 cuncta,
987 2148 1070 2214 qnae

161 2211 298 2296 fecerat
311 2257 324 2288 ,
338 2223 371 2274 et
395 2223 490 2280 erant
507 2205 611 2272 valde
635 2210 728 2274 botta.
755 2208 841 2286 Quia
855 2233 934 2274 vero
952 2215 1071 2298 perfec·

171 2302 219 2367 tio
241 2299 347 2389 partis
376 2296 529 2364 aestimari
558 2296 688 2373 nequit,
714 2297 768 2359 nisi
795 2298 827 2362 in
852 2301 1007 2368 relatione
1029 2303 1070 2370 ad

170 2407 299 2465 totnm;
330 2382 486 2474 perfectio
511 2405 640 2462 eorum,
668 2407 750 2468 qnae
778 2393 851 2452 snn't
876 2406 908 2454 et
935 2391 1014 2470 fiunt
1040 2393 1071 2458 in

170 2478 293 2542 mundo
309 2471 503 2545 aestimanda
520 2491 644 2538 nonest
663 2475 718 2538 nisi
739 2476 770 2538 in
793 2476 945 2542 relatione
958 2479 999 2544 ad
1013 2498 1069 2543 to-

159 2583 238 2636 tum
269 2564 450 2636 universnm
472 2577 504 2626 et
532 2561 573 2626 ad
597 2561 689 2626 finem
719 2565 864 2628 ultimum
895 2565 991 2652 ipsius
1010 2588 1068 2635 seu

169 2649 455 2718 manifestationem
471 2650 589 2736 gloriae
604 2649 684 2728 Dei,
701 2649 836 2737 ideoque
856 2655 894 2716 in
917 2654 1067 2723 relatione

168 2740 213 2805 ad
242 2740 346 2802 omnia
377 2736 528 2801 attributa
552 2737 669 2802 divina.
698 2739 782 2806 Hinc
805 2743 836 2807 S.
864 2740 1007 2808 Thomas
1038 2765 1067 2812 1.

105 2840 111 2850 ’
164 2841 261 2916 part.
289 2838 419 2912 quaest.
446 2845 492 2910 47
515 2839 585 2890 art.
614 2845 666 2892 ao.
690 2826 740 2892 ad
760 2833 924 2916 primumi
953 2834 1068 2921 optimi

133 2979 134 2986 ,
166 2915 297 3000 agentis
325 2925 373 2974 est
386 2955 399 2987 ‚
430 2909 555 2998 inquit,
579 2911 760 2998 producere
787 2931 887 2980 tntum
915 2915 1066 3005 effectum

167 3021 261 3068 tuum
277 2999 457 3097 optimum,
473 3022 534 3064 non
549 3013 659 3070 tamen
671 3000 762 3090 quod
780 3002 966 3094 quamlibet
986 3029 1068 3096 part
