2264 3420
291 143 375 189 nntts
390 141 420 187 11
439 141 598 189 uuum.
617 141 691 187 nnr.
713 141 756 190 rt.
923 146 959 210 7¹

76 211 165 278 senti
177 228 234 278 not
247 227 349 278 tamen
360 258 369 291 ,
379 231 410 277 et
419 231 530 276 contra
540 213 715 279 sensatione
727 207 958 300 carentaiiquiss

79 301 271 386 inquorum
294 301 397 368 nervis
424 301 567 365 tentoriis
592 321 696 365 motus
719 303 810 366 etiarn
836 302 959 380 validus

81 391 271 480 producitur
284 412 294 468 ;
306 411 383 478 ergo
396 391 671 467 utanirnasenriat,
683 412 809 456 necesse
824 411 886 454 non
900 408 962 472 est,

82 495 204 543 motum
219 481 318 544 nervis
336 478 530 544 sensoriisirn
560 478 645 562 riori„
662 477 755 542 Prob.
772 497 838 544 aot.
867 501 896 545 1.
922 477 962 560 Ii,

82 567 198 654 quibus
213 567 349 633 abscissa
366 582 439 631 sunt
455 501 618 642 mentina,¹
629 567 771 633 dolorem
788 569 962 656 aliqnando

81 655 117 718 in
133 655 242 721 iisdem
260 655 405 721 membris
426 657 539 720 sentire
559 653 613 718 sibi
629 655 775 722 videntur
791 680 801 734 3
828 674 862 720 ut
878 679 962 722 con-

80 745 153 832 tigit
169 745 318 833 puellae,
342 744 382 810 de
398 763 458 831 qua
471 743 630 811 Cortesius
647 745 785 810 meminit
797 767 834 824 ·4.
860 761 958 830 parre

76 836 229 920 princip.
256 851 304 898 ιι.
324 831 444 896 Furiosi
456 850 487 897 et
499 832 664 898 delirantes
679 835 818 897 homines
833 836 961 900 obiecta

8 913 10 920 ’
81 918 144 986 sibi
160 921 267 985 videre
288 920 456 998 videntur,
481 941 561 1006 qnae
589 924 765 1008 praesentia
793 943 856 986 non
873 939 960 1005 sunt,

8 1065 15 1077 .
82 1013 237 1096 quaeque
251 1009 382 1094 proinde
409 1005 525 1074 nuliam
541 1013 570 1074 in
588 1031 696 1076 eorum
711 1011 834 1099 organis
853 1033 962 1076 senso·

85 1099 549 1187 riismntationemptoducunt.
568 1119 639 1162 111.
654 1101 684 1162 S:
696 1097 960 1187 Augustinuslib.

8 1241 21 1268 μ
90 1205 146 1266 14.
167 1184 357 1251 decivitate
377 1185 446 1251 Dei
459 1209 531 1276 cap.
556 1207 608 1267 24.
625 1187 685 1252 hoc
701 1185 817 1252 sactum
840 1196 975 1254 narratr'

8 1269 17 1286 ⁹
76 1277 257 1363 presbyter
272 1273 407 1366 quidam
423 1273 500 1355 frti!
521 1279 643 1340 nomine
668 1275 879 1356 Restitutus,
905 1277 967 1366 qut‘

9 1421 25 1438 ,,
81 1361 220 1450 quando
244 1367 275 1430 ei
292 1361 478 1452 placebat,
506 1365 556 1428 ita
571 1386 605 1428 se
628 1361 802 1444 auferebat
819 1391 839 1430 a
855 1369 964 1432 sensi-

9 1459 23 1528 ’,.
82 1454 173 1530 bus,
195 1467 227 1515 et
240 1453 370 1516 iacebat
394 1447 581 1517 siniillimus
604 1470 750 1530 mortuo,
776 1468 891 1518 utnon
912 1477 965 1517 so·

81 1535 156 1604 lum
171 1537 363 1605 vellicantes
386 1557 485 1630 atque
509 1557 689 1628 perurgentes
713 1545 839 1606 minime
861 1543 965 1606 senti-

82 1643 163 1706 ret,
179 1628 350 1694 sedetiam
372 1627 554 1718 aliquando
567 1631 638 1718 igne
662 1643 814 1694 ureretur
832 1627 964 1696 admoto

8 1717 30 1800 Ἰῗζ
83 1719 157 1780 sine
172 1714 240 1782 ullo
250 1715 374 1783 doloris
391 1739 496 1781 sensu.
513 1717 731 1805 Respondeo,
747 1717 792 1781 his
808 1715 966 1783 observa-

84 1803 963 1894 tionibusconclusionemnostrarnapprimecontirrnari.

9 1897 27 1972 “j
85 1891 176 1956 Nam
193 1893 225 1958 in
242 1895 327 1958 omni
342 1897 517 1960 sensatione
532 1896 589 1958 tria
606 1915 677 1959 suot
693 1915 838 1961 accurate
854 1895 966 1960 distin·

84 1983 213 2070 guenda
229 1982 425 2068 ‚duo,quae
442 1983 600 2070 pertinent
615 1983 656 2050 ad
673 2003 817 2049 nostrum
832 2005 963 2073 corpus,

85 2069 208 2134 scilicet
224 2088 329 2134 motus
345 2092 464 2163 organo
481 2071 621 2136 sensorio
636 2071 675 2134 ab
690 2071 817 2138 obiecto
830 2073 965 2154 sensibili

83 2158 278 2244 impressus,
293 2175 324 2226 et
340 2179 445 2224 motus
469 2159 539 2224 inde
564 2159 604 2224 ad
624 2157 786 2226 cerebrum
805 2183 964 2249 propaga-

8 2243 34 2324 Ψ,
87 2262 164 2324 tus3
180 2268 216 2311 ac
231 2247 376 2325 tertium,
393 2248 483 2336 quod
496 2247 615 2314 animae
629 2265 675 2310 est
687 2292 696 2323 ,
709 2271 823 2336 nempe
833 2251 878 2311 his
891 2271 964 2312 rno-

86 2335 178 2400 tibus
203 2335 398 2424 respondens
424 2333 538 2402 obiecti
568 2331 720 2401 sensibilis
743 2337 916 2423 perceptio,
935 2334 965 2410 si

8 2415 38 2502 Ψ
89 2443 195 2489 motus
219 2446 339 2512 organo
370 2425 506 2488 sensorio
533 2425 702 2513 impressus
733 2423 773 2489 ad
800 2423 966 2490 cerebrum

8 2579 40 2639 rer?

8 2673 42 2730 itii·

23 2761 45 2812 so

10 2855 45 2911 nib

8 2952 38 3003 20·

8 3108 45 3178 stit!

8 2506 37 2550 Ψ
88 2534 195 2600 usque
212 2534 275 2576 non
294 2531 511 2601 propagetur,
528 2536 626 2578 anima
646 2536 708 2577 non
726 2514 843 2593 sentit,
862 2533 895 2579 ut
913 2535 965 2580 ac-

35 2655 36 2660 ,
90 2599 169 2666 cidit
194 2599 285 2665 nobis
301 2600 549 2680 dormientibus3
569 2620 599 2666 et
629 2602 830 2691 contingebat
859 2626 966 2692 praes·

91 2688 209 2780 bytero
225 2691 388 2756 Restituto
406 2735 415 2768 ‚
433 2689 486 2774 qni
504 2707 629 2754 mortno
648 2691 817 2756 simillimus
831 2689 978 2757 iacebat.-

88 2777 210 2843 sivero
223 2779 286 2844 sine
300 2778 426 2843 actione
441 2776 557 2844 obiecti
572 2779 722 2844 sensibilis
740 2781 857 2846 ext'erni
871 2777 965 2843 fibrae

89 2865 213 2944 cerebri
229 2889 246 2929 a
262 2867 363 2940 causis
376 2866 503 2934 internis
520 2867 630 2930 eodem
648 2887 771 2952 prorsus
789 2867 885 2928 modo
901 2866 965 2949 agi·

89 2971 219 3030 tentus,
235 2975 299 3040 quo
310 2969 479 3016 moventur
492 3001 503 3030 ‚
516 2953 569 3015 ubi
580 2953 739 3017 obiectum
752 2950 896 3018 sensibile
909 2969 964 3012 sua

91 3043 123 3108 in
137 3063 292 3131 organum
308 3059 474 3106 externum
485 3040 610 3106 actione
625 3039 754 3106 eosdem
770 3055 873 3104 motus
889 3053 966 3122 pro-
