<?xml version="1.0" encoding="UTF-8"?>
<!DOCTYPE html PUBLIC "-//W3C//DTD XHTML 1.0 Transitional//EN"
    "http://www.w3.org/TR/xhtml1/DTD/xhtml1-transitional.dtd">
<html xmlns="http://www.w3.org/1999/xhtml" xml:lang="en" lang="en">
 <head>
  <title>
</title>
<meta http-equiv="Content-Type" content="text/html;charset=utf-8" />
  <meta name='ocr-system' content='tesseract 3.04.00' />
  <meta name='ocr-capabilities' content='ocr_page ocr_carea ocr_par ocr_line ocrx_word'/>
</head>
<body>
  <div class='ocr_page' id='page_1' title='image "./institutionesph00jacqgoog_0169.png"; bbox 0 0 2258 3428; ppageno 0'>
   <div class='ocr_carea' id='block_1_1' title="bbox 149 151 1116 2996">
    <p class='ocr_par' dir='ltr' id='par_1_1' title="bbox 149 151 1116 2996">
     <span class='ocr_line' id='line_1_1' title="bbox 227 151 1116 240; baseline -0.01 -17"><span class='ocrx_word' id='word_1_1' title='bbox 227 151 291 240; x_wconf 72' lang='lat'>146</span> <span class='ocrx_word' id='word_1_2' title='bbox 473 171 656 220; x_wconf 73' lang='lat' dir='ltr'>susurrus.</span> <span class='ocrx_word' id='word_1_3' title='bbox 679 169 814 219; x_wconf 72' lang='lat' dir='ltr'>ramos.</span> <span class='ocrx_word' id='word_1_4' title='bbox 1115 207 1116 214; x_wconf 74' lang='grc'>,</span> 
     </span>
     <span class='ocr_line' id='line_1_2' title="bbox 149 242 1116 330; baseline -0.001 -22"><span class='ocrx_word' id='word_1_5' title='bbox 149 319 152 326; x_wconf 17' lang='grc' dir='ltr'><strong>Α</strong></span> <span class='ocrx_word' id='word_1_6' title='bbox 291 242 374 308; x_wconf 80' lang='lat' dir='ltr'>inst.</span> <span class='ocrx_word' id='word_1_7' title='bbox 403 259 431 306; x_wconf 84' lang='lat' dir='ltr'>t.</span> <span class='ocrx_word' id='word_1_8' title='bbox 454 243 507 308; x_wconf 90' lang='lat' dir='ltr'>Ad</span> <span class='ocrx_word' id='word_1_9' title='bbox 531 245 730 308; x_wconf 85' lang='lat' dir='ltr'>voluntatem</span> <span class='ocrx_word' id='word_1_10' title='bbox 754 242 893 330; x_wconf 82' lang='lat' dir='ltr'>pertinet</span> <span class='ocrx_word' id='word_1_11' title='bbox 919 263 1057 312; x_wconf 79' lang='lat' dir='ltr'>assensus</span> <span class='ocrx_word' id='word_1_12' title='bbox 1115 287 1116 326; x_wconf 57' lang='lat'>5</span> 
     </span>
     <span class='ocr_line' id='line_1_3' title="bbox 187 327 1116 422; baseline -0.004 -22"><span class='ocrx_word' id='word_1_13' title='bbox 187 415 188 422; x_wconf 8' lang='grc' dir='ltr'>ἵ</span> <span class='ocrx_word' id='word_1_14' title='bbox 223 335 276 400; x_wconf 88' lang='lat' dir='ltr'>iile</span> <span class='ocrx_word' id='word_1_15' title='bbox 309 334 360 396; x_wconf 88' lang='lat' dir='ltr'>vei</span> <span class='ocrx_word' id='word_1_16' title='bbox 388 333 569 411; x_wconf 84' lang='lat' dir='ltr'>dissensus,</span> <span class='ocrx_word' id='word_1_17' title='bbox 596 353 691 420; x_wconf 81' lang='lat' dir='ltr'>quern</span> <span class='ocrx_word' id='word_1_18' title='bbox 719 334 866 398; x_wconf 84' lang='lat' dir='ltr'>voluntas</span> <span class='ocrx_word' id='word_1_19' title='bbox 893 331 1059 416; x_wconf 78' lang='lat' dir='ltr'>aliquando</span> <span class='ocrx_word' id='word_1_20' title='bbox 1115 327 1116 396; x_wconf 80' lang='lat' dir='ltr'>i</span> 
     </span>
     <span class='ocr_line' id='line_1_4' title="bbox 224 417 1061 508; baseline 0 -22"><span class='ocrx_word' id='word_1_21' title='bbox 224 421 375 487; x_wconf 85' lang='lat' dir='ltr'>cohibere</span> <span class='ocrx_word' id='word_1_22' title='bbox 403 440 528 507; x_wconf 85' lang='lat' dir='ltr'>potest;</span> <span class='ocrx_word' id='word_1_23' title='bbox 557 417 832 508; x_wconf 66' lang='lat' dir='ltr'>atquiiassensum</span> <span class='ocrx_word' id='word_1_24' title='bbox 857 419 909 486; x_wconf 87' lang='lat' dir='ltr'>vel</span> <span class='ocrx_word' id='word_1_25' title='bbox 939 419 1061 486; x_wconf 83' lang='lat' dir='ltr'>dissen-</span> 
     </span>
     <span class='ocr_line' id='line_1_5' title="bbox 224 505 1066 598; baseline -0.006 -21"><span class='ocrx_word' id='word_1_26' title='bbox 224 529 294 578; x_wconf 86' lang='lat' dir='ltr'>sum</span> <span class='ocrx_word' id='word_1_27' title='bbox 326 511 475 575; x_wconf 88' lang='lat' dir='ltr'>voiuntas</span> <span class='ocrx_word' id='word_1_28' title='bbox 505 509 676 598; x_wconf 79' lang='lat' dir='ltr'>aliquando</span> <span class='ocrx_word' id='word_1_29' title='bbox 700 505 1004 598; x_wconf 65' lang='lat' dir='ltr'>cohibete‘put&#39;est·;</span> <span class='ocrx_word' id='word_1_30' title='bbox 1032 509 1066 573; x_wconf 88' lang='lat' dir='ltr'>si</span> 
     </span>
     <span class='ocr_line' id='line_1_6' title="bbox 225 595 1068 688; baseline 0.001 -24"><span class='ocrx_word' id='word_1_31' title='bbox 225 621 347 688; x_wconf 86' lang='lat' dir='ltr'>nempe</span> <span class='ocrx_word' id='word_1_32' title='bbox 361 601 444 687; x_wconf 87' lang='lat' dir='ltr'>ciate</span> <span class='ocrx_word' id='word_1_33' title='bbox 467 621 532 662; x_wconf 94' lang='lat' dir='ltr'>non</span> <span class='ocrx_word' id='word_1_34' title='bbox 554 599 760 686; x_wconf 71' lang='lat' dir='ltr'>dignoscatur</span> <span class='ocrx_word' id='word_1_35' title='bbox 780 595 994 664; x_wconf 84' lang='lat' dir='ltr'>convenientia</span> <span class='ocrx_word' id='word_1_36' title='bbox 1009 597 1068 664; x_wconf 89' lang='lat' dir='ltr'>vel</span> 
     </span>
     <span class='ocr_line' id='line_1_7' title="bbox 224 686 1116 776; baseline -0.007 -22"><span class='ocrx_word' id='word_1_37' title='bbox 224 711 289 754; x_wconf 88' lang='lat' dir='ltr'>non</span> <span class='ocrx_word' id='word_1_38' title='bbox 315 689 535 754; x_wconf 87' lang='lat' dir='ltr'>convenientia</span> <span class='ocrx_word' id='word_1_39' title='bbox 561 687 720 766; x_wconf 85' lang='lat' dir='ltr'>idearum,</span> <span class='ocrx_word' id='word_1_40' title='bbox 744 710 825 776; x_wconf 82' lang='lat' dir='ltr'>ergo</span> <span class='ocrx_word' id='word_1_41' title='bbox 841 707 981 752; x_wconf 87' lang='lat' dir='ltr'>assensus</span> <span class='ocrx_word' id='word_1_42' title='bbox 994 686 1067 750; x_wconf 92' lang='lat' dir='ltr'>cir-</span> <span class='ocrx_word' id='word_1_43' title='bbox 1115 717 1116 736; x_wconf 39' lang='grc' dir='ltr'><strong>κ</strong></span> 
     </span>
     <span class='ocr_line' id='line_1_8' title="bbox 226 775 1065 866; baseline 0.002 -26"><span class='ocrx_word' id='word_1_44' title='bbox 226 800 265 842; x_wconf 92' lang='lat' dir='ltr'>ca</span> <span class='ocrx_word' id='word_1_45' title='bbox 291 788 401 842; x_wconf 88' lang='lat' dir='ltr'>veru&#39;m</span> <span class='ocrx_word' id='word_1_46' title='bbox 430 798 462 841; x_wconf 87' lang='lat' dir='ltr'>et</span> <span class='ocrx_word' id='word_1_47' title='bbox 490 775 601 841; x_wconf 90' lang='lat' dir='ltr'>falsum</span> <span class='ocrx_word' id='word_1_48' title='bbox 624 775 768 866; x_wconf 85' lang='lat' dir='ltr'>pertinet</span> <span class='ocrx_word' id='word_1_49' title='bbox 790 777 829 840; x_wconf 92' lang='lat' dir='ltr'>ad</span> <span class='ocrx_word' id='word_1_50' title='bbox 852 779 1065 860; x_wconf 81' lang='lat' dir='ltr'>voluntatem.</span> 
     </span>
     <span class='ocr_line' id='line_1_9' title="bbox 225 865 1064 954; baseline -0.002 -24"><span class='ocrx_word' id='word_1_51' title='bbox 225 866 328 954; x_wconf 86' lang='lat' dir='ltr'>Resp.</span> <span class='ocrx_word' id='word_1_52' title='bbox 348 867 394 930; x_wconf 90' lang='lat' dir='ltr'>N.</span> <span class='ocrx_word' id='word_1_53' title='bbox 412 865 485 929; x_wconf 84' lang='lat' dir='ltr'>min.</span> <span class='ocrx_word' id='word_1_54' title='bbox 506 867 601 929; x_wconf 88' lang='lat' dir='ltr'>cuius·</span> <span class='ocrx_word' id='word_1_55' title='bbox 617 865 835 952; x_wconf 83' lang='lat' dir='ltr'>probationem</span> <span class='ocrx_word' id='word_1_56' title='bbox 857 865 1064 950; x_wconf 83' lang='lat' dir='ltr'>explicamus.</span> 
     </span>
     <span class='ocr_line' id='line_1_10' title="bbox 226 953 1062 1032; baseline 0 -12"><span class='ocrx_word' id='word_1_57' title='bbox 226 957 256 1020; x_wconf 88' lang='lat' dir='ltr'>Si</span> <span class='ocrx_word' id='word_1_58' title='bbox 285 955 375 1020; x_wconf 86' lang='lat' dir='ltr'>nobi-s</span> <span class='ocrx_word' id='word_1_59' title='bbox 402 955 522 1019; x_wconf 89' lang='lat' dir='ltr'>conscii</span> <span class='ocrx_word' id='word_1_60' title='bbox 550 974 614 1018; x_wconf 93' lang='lat' dir='ltr'>non</span> <span class='ocrx_word' id='word_1_61' title='bbox 640 956 751 1032; x_wconf 90' lang='lat' dir='ltr'>simus,</span> <span class='ocrx_word' id='word_1_62' title='bbox 773 955 825 1020; x_wconf 88' lang='lat' dir='ltr'>vel</span> <span class='ocrx_word' id='word_1_63' title='bbox 850 953 970 1017; x_wconf 88' lang='lat' dir='ltr'>conscii</span> <span class='ocrx_word' id='word_1_64' title='bbox 998 973 1062 1020; x_wconf 85' lang='lat' dir='ltr'>esse</span> 
     </span>
     <span class='ocr_line' id='line_1_11' title="bbox 226 1041 1062 1131; baseline -0.002 -24"><span class='ocrx_word' id='word_1_65' title='bbox 226 1044 320 1122; x_wconf 88' lang='lat' dir='ltr'>nobis</span> <span class='ocrx_word' id='word_1_66' title='bbox 347 1065 413 1110; x_wconf 91' lang='lat' dir='ltr'>non</span> <span class='ocrx_word' id='word_1_67' title='bbox 428 1041 611 1122; x_wconf 88' lang='lat' dir='ltr'>videamur,</span> <span class='ocrx_word' id='word_1_68' title='bbox 626 1042 869 1112; x_wconf 77' lang='lat' dir='ltr'>convenientiae</span> <span class='ocrx_word' id='word_1_69' title='bbox 882 1043 934 1131; x_wconf 79' lang='lat' dir='ltr'>vei</span> <span class='ocrx_word' id='word_1_70' title='bbox 950 1063 1062 1131; x_wconf 79' lang='lat' dir='ltr'>repug-</span> 
     </span>
     <span class='ocr_line' id='line_1_12' title="bbox 226 1125 1116 1212; baseline -0.001 -14"><span class='ocrx_word' id='word_1_71' title='bbox 226 1133 352 1198; x_wconf 83' lang='lat' dir='ltr'>nautiae</span> <span class='ocrx_word' id='word_1_72' title='bbox 376 1131 542 1210; x_wconf 84' lang='lat' dir='ltr'>idearum,</span> <span class='ocrx_word' id='word_1_73' title='bbox 564 1151 651 1196; x_wconf 87' lang='lat' dir='ltr'>actus</span> <span class='ocrx_word' id='word_1_74' title='bbox 674 1125 985 1212; x_wconf 75' lang='lat' dir='ltr'>iudiciicohibetur,</span> <span class='ocrx_word' id='word_1_75' title='bbox 1003 1130 1068 1197; x_wconf 79' lang='lat' dir='ltr'>hoe</span> <span class='ocrx_word' id='word_1_76' title='bbox 1115 1127 1116 1180; x_wconf 82' lang='lat' dir='ltr'>i</span> 
     </span>
     <span class='ocr_line' id='line_1_13' title="bbox 228 1219 1116 1314; baseline -0.006 -25"><span class='ocrx_word' id='word_1_77' title='bbox 228 1241 297 1300; x_wconf 90' lang='lat' dir='ltr'>est,</span> <span class='ocrx_word' id='word_1_78' title='bbox 324 1221 500 1287; x_wconf 82' lang='lat' dir='ltr'>intellectus</span> <span class='ocrx_word' id='word_1_79' title='bbox 528 1221 782 1288; x_wconf 73' lang='lat' dir='ltr'>convenientiam</span> <span class='ocrx_word' id='word_1_80' title='bbox 807 1219 857 1291; x_wconf 86' lang='lat' dir='ltr'>vel</span> <span class='ocrx_word' id='word_1_81' title='bbox 886 1241 1070 1314; x_wconf 81' lang='lat' dir='ltr'>repugnatr—</span> <span class='ocrx_word' id='word_1_82' title='bbox 1115 1225 1116 1248; x_wconf 78' lang='lat'><em>³</em></span> 
     </span>
     <span class='ocr_line' id='line_1_14' title="bbox 226 1303 1071 1398; baseline 0.002 -26"><span class='ocrx_word' id='word_1_83' title='bbox 226 1311 303 1374; x_wconf 85' lang='lat' dir='ltr'>tiam</span> <span class='ocrx_word' id='word_1_84' title='bbox 332 1331 396 1374; x_wconf 89' lang='lat' dir='ltr'>uon</span> <span class='ocrx_word' id='word_1_85' title='bbox 411 1309 566 1397; x_wconf 87' lang='lat' dir='ltr'>percipit,</span> <span class='ocrx_word' id='word_1_86' title='bbox 583 1332 620 1375; x_wconf 87' lang='lat' dir='ltr'>ac</span> <span class='ocrx_word' id='word_1_87' title='bbox 634 1309 768 1397; x_wconf 84' lang='lat' dir='ltr'>proinde</span> <span class='ocrx_word' id='word_1_88' title='bbox 785 1303 932 1375; x_wconf 89' lang='lat' dir='ltr'>iudicium</span> <span class='ocrx_word' id='word_1_89' title='bbox 948 1354 957 1387; x_wconf 94' lang='lat'>,</span> <span class='ocrx_word' id='word_1_90' title='bbox 974 1309 1071 1398; x_wconf 90' lang='lat' dir='ltr'>quod</span> 
     </span>
     <span class='ocr_line' id='line_1_15' title="bbox 226 1395 1071 1487; baseline 0.005 -27"><span class='ocrx_word' id='word_1_91' title='bbox 226 1395 260 1460; x_wconf 84' lang='lat' dir='ltr'>in</span> <span class='ocrx_word' id='word_1_92' title='bbox 282 1397 341 1462; x_wconf 87' lang='lat' dir='ltr'>irac</span> <span class='ocrx_word' id='word_1_93' title='bbox 359 1402 576 1487; x_wconf 87' lang='lat' dir='ltr'>¹perceptione</span> <span class='ocrx_word' id='word_1_94' title='bbox 596 1398 765 1479; x_wconf 84' lang='lat' dir='ltr'>consistit,</span> <span class='ocrx_word' id='word_1_95' title='bbox 786 1397 909 1462; x_wconf 88' lang='lat' dir='ltr'>nulium</span> <span class='ocrx_word' id='word_1_96' title='bbox 931 1413 988 1464; x_wconf 83' lang='lat' dir='ltr'>est.</span> <span class='ocrx_word' id='word_1_97' title='bbox 1012 1399 1071 1464; x_wconf 87' lang='lat' dir='ltr'>Ad</span> 
     </span>
     <span class='ocr_line' id='line_1_16' title="bbox 226 1463 1116 1576; baseline 0.002 -26"><span class='ocrx_word' id='word_1_98' title='bbox 226 1483 426 1553; x_wconf 85' lang='lat' dir='ltr'>voluntatem</span> <span class='ocrx_word' id='word_1_99' title='bbox 452 1487 580 1572; x_wconf 89' lang='lat' dir='ltr'>quidem</span> <span class='ocrx_word' id='word_1_100' title='bbox 604 1491 761 1576; x_wconf 86' lang='lat' dir='ltr'>pertinet,</span> <span class='ocrx_word' id='word_1_101' title='bbox 790 1480 1071 1573; x_wconf 55' lang='lat' dir='ltr'>iudiciu‘m‘exter-</span> <span class='ocrx_word' id='word_1_102' title='bbox 1115 1463 1116 1558; x_wconf 74' lang='lat' dir='ltr'>i</span> 
     </span>
     <span class='ocr_line' id='line_1_17' title="bbox 226 1571 1071 1666; baseline 0.002 -25"><span class='ocrx_word' id='word_1_103' title='bbox 226 1597 322 1656; x_wconf 91' lang='lat' dir='ltr'>num,</span> <span class='ocrx_word' id='word_1_104' title='bbox 345 1577 407 1641; x_wconf 79' lang='lat' dir='ltr'>hoc</span> <span class='ocrx_word' id='word_1_105' title='bbox 431 1593 499 1653; x_wconf 88' lang='lat' dir='ltr'>est,</span> <span class='ocrx_word' id='word_1_106' title='bbox 515 1573 618 1642; x_wconf 88' lang='lat' dir='ltr'>verbis</span> <span class='ocrx_word' id='word_1_107' title='bbox 635 1591 804 1666; x_wconf 75' lang='lat' dir='ltr'>expresum</span> <span class='ocrx_word' id='word_1_108' title='bbox 819 1571 977 1657; x_wconf 70' lang='lat' dir='ltr'>cohibere,</span> <span class='ocrx_word' id='word_1_109' title='bbox 993 1575 1071 1645; x_wconf 82' lang='lat' dir='ltr'>Ve-</span> 
     </span>
     <span class='ocr_line' id='line_1_18' title="bbox 218 1661 1116 1752; baseline 0 -23"><span class='ocrx_word' id='word_1_110' title='bbox 218 1687 300 1736; x_wconf 71' lang='lat' dir='ltr'>‚rum</span> <span class='ocrx_word' id='word_1_111' title='bbox 321 1665 371 1730; x_wconf 89' lang='lat' dir='ltr'>hic</span> <span class='ocrx_word' id='word_1_112' title='bbox 394 1665 496 1752; x_wconf 81' lang='lat' dir='ltr'>agitur</span> <span class='ocrx_word' id='word_1_113' title='bbox 520 1663 687 1740; x_wconf 73' lang='lat' dir='ltr'>dumtaxat</span> <span class='ocrx_word' id='word_1_114' title='bbox 712 1665 756 1736; x_wconf 87' lang='lat' dir='ltr'>de&#39;</span> <span class='ocrx_word' id='word_1_115' title='bbox 782 1661 899 1730; x_wconf 86' lang='lat' dir='ltr'>iudicio</span> <span class='ocrx_word' id='word_1_116' title='bbox 931 1661 1070 1730; x_wconf 81' lang='lat' dir='ltr'>interno.</span> <span class='ocrx_word' id='word_1_117' title='bbox 1115 1679 1116 1748; x_wconf 64' lang='lat' dir='ltr'>i</span> 
     </span>
     <span class='ocr_line' id='line_1_19' title="bbox 227 1747 1071 1842; baseline 0 -24"><span class='ocrx_word' id='word_1_118' title='bbox 227 1749 302 1824; x_wconf 88' lang='lat' dir='ltr'>Vbi</span> <span class='ocrx_word' id='word_1_119' title='bbox 315 1771 420 1817; x_wconf 87' lang='lat' dir='ltr'>autem</span> <span class='ocrx_word' id='word_1_120' title='bbox 436 1753 616 1818; x_wconf 84' lang='lat' dir='ltr'>intellectus</span> <span class='ocrx_word' id='word_1_121' title='bbox 632 1747 690 1818; x_wconf 88' lang='lat' dir='ltr'>sibi</span> <span class='ocrx_word' id='word_1_122' title='bbox 713 1751 960 1842; x_wconf 62' lang='lat' dir='ltr'>repraesentavit</span> <span class='ocrx_word' id='word_1_123' title='bbox 978 1753 1071 1822; x_wconf 87' lang='lat' dir='ltr'>idea-</span> 
     </span>
     <span class='ocr_line' id='line_1_20' title="bbox 179 1842 1116 1932; baseline 0.002 -28"><span class='ocrx_word' id='word_1_124' title='bbox 179 1895 182 1904; x_wconf 63' lang='lat'>,</span> <span class='ocrx_word' id='word_1_125' title='bbox 226 1863 298 1906; x_wconf 80' lang='lat' dir='ltr'>runs</span> <span class='ocrx_word' id='word_1_126' title='bbox 323 1843 577 1906; x_wconf 81' lang='lat' dir='ltr'>convenientiam</span> <span class='ocrx_word' id='word_1_127' title='bbox 606 1843 658 1908; x_wconf 88' lang='lat' dir='ltr'>vel</span> <span class='ocrx_word' id='word_1_128' title='bbox 694 1843 964 1932; x_wconf 86' lang='lat' dir='ltr'>repugnantiam,</span> <span class='ocrx_word' id='word_1_129' title='bbox 1002 1842 1074 1908; x_wconf 88' lang='lat' dir='ltr'>fieri</span> <span class='ocrx_word' id='word_1_130' title='bbox 1115 1845 1116 1932; x_wconf 65' lang='lat' dir='ltr'>i</span> 
     </span>
     <span class='ocr_line' id='line_1_21' title="bbox 226 1930 1116 2015; baseline 0.002 -21"><span class='ocrx_word' id='word_1_131' title='bbox 226 1951 294 1994; x_wconf 88' lang='lat' dir='ltr'>non</span> <span class='ocrx_word' id='word_1_132' title='bbox 320 1945 446 2015; x_wconf 90' lang='lat' dir='ltr'>potest,</span> <span class='ocrx_word' id='word_1_133' title='bbox 477 1947 509 1994; x_wconf 94' lang='lat' dir='ltr'>et</span> <span class='ocrx_word' id='word_1_134' title='bbox 538 1931 901 1997; x_wconf 70' lang='lat' dir='ltr'>convenientiam&#39;³illam</span> <span class='ocrx_word' id='word_1_135' title='bbox 926 1930 986 1998; x_wconf 74' lang='lat' dir='ltr'>&#39;vel</span> <span class='ocrx_word' id='word_1_136' title='bbox 1016 1953 1075 1996; x_wconf 90' lang='lat' dir='ltr'>re·</span> <span class='ocrx_word' id='word_1_137' title='bbox 1115 1943 1116 2012; x_wconf 66' lang='grc' dir='ltr'>ἶ</span> 
     </span>
     <span class='ocr_line' id='line_1_22' title="bbox 226 2017 1116 2108; baseline 0.002 -27"><span class='ocrx_word' id='word_1_138' title='bbox 226 2021 431 2108; x_wconf 85' lang='lat' dir='ltr'>pugnantiam</span> <span class='ocrx_word' id='word_1_139' title='bbox 454 2039 518 2081; x_wconf 89' lang='lat' dir='ltr'>non</span> <span class='ocrx_word' id='word_1_140' title='bbox 540 2021 711 2106; x_wconf 86' lang='lat' dir='ltr'>percipiat,</span> <span class='ocrx_word' id='word_1_141' title='bbox 736 2043 773 2085; x_wconf 90' lang='lat' dir='ltr'>ac</span> <span class='ocrx_word' id='word_1_142' title='bbox 794 2017 929 2106; x_wconf 83' lang='lat' dir='ltr'>proinde</span> <span class='ocrx_word' id='word_1_143' title='bbox 953 2021 986 2084; x_wconf 89' lang='lat' dir='ltr'>in</span> <span class='ocrx_word' id='word_1_144' title='bbox 1009 2019 1077 2084; x_wconf 83' lang='lat' dir='ltr'>hoc</span> <span class='ocrx_word' id='word_1_145' title='bbox 1115 2095 1116 2108; x_wconf 10' lang='grc' dir='ltr'>χ</span> 
     </span>
     <span class='ocr_line' id='line_1_23' title="bbox 227 2107 1116 2196; baseline 0.001 -23"><span class='ocrx_word' id='word_1_146' title='bbox 227 2128 301 2173; x_wconf 88' lang='lat' dir='ltr'>casu</span> <span class='ocrx_word' id='word_1_147' title='bbox 324 2107 472 2174; x_wconf 88' lang='lat' dir='ltr'>iudicium</span> <span class='ocrx_word' id='word_1_148' title='bbox 497 2129 685 2194; x_wconf 88' lang='lat' dir='ltr'>suspensum</span> <span class='ocrx_word' id='word_1_149' title='bbox 709 2131 835 2174; x_wconf 85' lang='lat' dir='ltr'>manere</span> <span class='ocrx_word' id='word_1_150' title='bbox 858 2129 923 2172; x_wconf 85' lang='lat' dir='ltr'>nun</span> <span class='ocrx_word' id='word_1_151' title='bbox 946 2127 1077 2196; x_wconf 90' lang='lat' dir='ltr'>potest.</span> <span class='ocrx_word' id='word_1_152' title='bbox 1115 2111 1116 2190; x_wconf 66' lang='lat'><em>]</em></span> 
     </span>
     <span class='ocr_line' id='line_1_24' title="bbox 293 2193 1079 2270; baseline 0.005 -11"><span class='ocrx_word' id='word_1_153' title='bbox 293 2193 372 2262; x_wconf 90' lang='lat' dir='ltr'>Inst.</span> <span class='ocrx_word' id='word_1_154' title='bbox 396 2217 425 2260; x_wconf 79' lang='lat' dir='ltr'>a.</span> <span class='ocrx_word' id='word_1_155' title='bbox 449 2194 479 2259; x_wconf 89' lang='lat' dir='ltr'>Si</span> <span class='ocrx_word' id='word_1_156' title='bbox 505 2199 653 2262; x_wconf 87' lang='lat' dir='ltr'>voluntas</span> <span class='ocrx_word' id='word_1_157' title='bbox 677 2197 780 2264; x_wconf 88' lang='lat' dir='ltr'>iudicii</span> <span class='ocrx_word' id='word_1_158' title='bbox 801 2197 908 2262; x_wconf 79' lang='lat' dir='ltr'>actum</span> <span class='ocrx_word' id='word_1_159' title='bbox 928 2193 1079 2270; x_wconf 76' lang='lat' dir='ltr'>‘cohibe-</span> 
     </span>
     <span class='ocr_line' id='line_1_25' title="bbox 221 2281 1116 2374; baseline 0.003 -24"><span class='ocrx_word' id='word_1_160' title='bbox 221 2305 262 2374; x_wconf 75' lang='lat' dir='ltr'>¹re</span> <span class='ocrx_word' id='word_1_161' title='bbox 291 2306 356 2349; x_wconf 91' lang='lat' dir='ltr'>non</span> <span class='ocrx_word' id='word_1_162' title='bbox 383 2300 515 2374; x_wconf 88' lang='lat' dir='ltr'>posset,</span> <span class='ocrx_word' id='word_1_163' title='bbox 544 2286 657 2350; x_wconf 87' lang='lat' dir='ltr'>iudicia</span> <span class='ocrx_word' id='word_1_164' title='bbox 683 2281 843 2374; x_wconf 76' lang='lat' dir='ltr'>quaelibet</span> <span class='ocrx_word' id='word_1_165' title='bbox 871 2285 981 2350; x_wconf 86' lang='lat' dir='ltr'>forent</span> <span class='ocrx_word' id='word_1_166' title='bbox 1012 2309 1081 2353; x_wconf 87' lang='lat' dir='ltr'>ne·</span> <span class='ocrx_word' id='word_1_167' title='bbox 1115 2337 1116 2344; x_wconf 18' lang='grc' dir='ltr'><strong>κ</strong></span> 
     </span>
     <span class='ocr_line' id='line_1_26' title="bbox 226 2373 1116 2462; baseline 0.002 -23"><span class='ocrx_word' id='word_1_168' title='bbox 226 2376 377 2439; x_wconf 87' lang='lat' dir='ltr'>cessaria:</span> <span class='ocrx_word' id='word_1_169' title='bbox 403 2375 480 2436; x_wconf 91' lang='lat' dir='ltr'>vitio</span> <span class='ocrx_word' id='word_1_170' title='bbox 506 2373 586 2438; x_wconf 91' lang='lat' dir='ltr'>verti</span> <span class='ocrx_word' id='word_1_171' title='bbox 615 2388 680 2438; x_wconf 86' lang='lat' dir='ltr'>non</span> <span class='ocrx_word' id='word_1_172' title='bbox 711 2393 842 2462; x_wconf 77' lang='lat' dir='ltr'>possent</span> <span class='ocrx_word' id='word_1_173' title='bbox 873 2373 991 2462; x_wconf 87' lang='lat' dir='ltr'>iudicia</span> <span class='ocrx_word' id='word_1_174' title='bbox 1019 2393 1083 2441; x_wconf 88' lang='lat' dir='ltr'>te-</span> <span class='ocrx_word' id='word_1_175' title='bbox 1115 2437 1116 2450; x_wconf 68' lang='grc'>,</span> 
     </span>
     <span class='ocr_line' id='line_1_27' title="bbox 226 2461 1083 2552; baseline 0 -26"><span class='ocrx_word' id='word_1_176' title='bbox 226 2466 381 2540; x_wconf 69' lang='lat' dir='ltr'>mentia,</span> <span class='ocrx_word' id='word_1_177' title='bbox 404 2475 520 2547; x_wconf 88' lang='lat' dir='ltr'>utpote</span> <span class='ocrx_word' id='word_1_178' title='bbox 545 2484 608 2527; x_wconf 88' lang='lat' dir='ltr'>nun</span> <span class='ocrx_word' id='word_1_179' title='bbox 626 2463 742 2542; x_wconf 75' lang='lat' dir='ltr'>liberat</span> <span class='ocrx_word' id='word_1_180' title='bbox 758 2464 848 2552; x_wconf 86' lang='lat' dir='ltr'>atqui</span> <span class='ocrx_word' id='word_1_181' title='bbox 860 2461 928 2526; x_wconf 76' lang='lat' dir='ltr'>&#39;hoc</span> <span class='ocrx_word' id='word_1_182' title='bbox 940 2481 995 2528; x_wconf 83' lang='lat' dir='ltr'>¹est</span> <span class='ocrx_word' id='word_1_183' title='bbox 1009 2461 1083 2526; x_wconf 79' lang='lat' dir='ltr'>fal·</span> 
     </span>
     <span class='ocr_line' id='line_1_28' title="bbox 229 2547 1116 2636; baseline 0.002 -22"><span class='ocrx_word' id='word_1_184' title='bbox 229 2572 323 2627; x_wconf 89' lang='lat' dir='ltr'>sum;</span> <span class='ocrx_word' id='word_1_185' title='bbox 348 2568 424 2636; x_wconf 88' lang='lat' dir='ltr'>ergo</span> <span class='ocrx_word' id='word_1_186' title='bbox 440 2547 597 2616; x_wconf 75' lang='lat' dir='ltr'>&#39;cohibere</span> <span class='ocrx_word' id='word_1_187' title='bbox 619 2551 772 2616; x_wconf 89' lang='lat' dir='ltr'>iudicium</span> <span class='ocrx_word' id='word_1_188' title='bbox 787 2555 883 2618; x_wconf 68' lang='lat' dir='ltr'>&#39;etiam</span> <span class='ocrx_word' id='word_1_189' title='bbox 898 2552 1086 2632; x_wconf 83' lang='lat' dir='ltr'>internum,</span> <span class='ocrx_word' id='word_1_190' title='bbox 1115 2567 1116 2574; x_wconf 74' lang='grc'>’</span> 
     </span>
     <span class='ocr_line' id='line_1_29' title="bbox 228 2637 1087 2728; baseline 0.003 -26"><span class='ocrx_word' id='word_1_191' title='bbox 228 2640 309 2704; x_wconf 84' lang='lat' dir='ltr'>circa</span> <span class='ocrx_word' id='word_1_192' title='bbox 339 2637 453 2704; x_wconf 86' lang='lat' dir='ltr'>verum</span> <span class='ocrx_word' id='word_1_193' title='bbox 473 2655 528 2701; x_wconf 86' lang='lat' dir='ltr'>aut</span> <span class='ocrx_word' id='word_1_194' title='bbox 555 2639 669 2704; x_wconf 87' lang='lat' dir='ltr'>falsum</span> <span class='ocrx_word' id='word_1_195' title='bbox 693 2641 830 2728; x_wconf 86' lang='lat' dir='ltr'>pertinet</span> <span class='ocrx_word' id='word_1_196' title='bbox 851 2640 890 2705; x_wconf 89' lang='lat' dir='ltr'>ad</span> <span class='ocrx_word' id='word_1_197' title='bbox 914 2641 1087 2706; x_wconf 91' lang='lat' dir='ltr'>volunta-</span> 
     </span>
     <span class='ocr_line' id='line_1_30' title="bbox 226 2725 1091 2816; baseline 0.005 -24"><span class='ocrx_word' id='word_1_198' title='bbox 226 2743 302 2792; x_wconf 89' lang='lat' dir='ltr'>tem.</span> <span class='ocrx_word' id='word_1_199' title='bbox 325 2728 429 2814; x_wconf 64' lang='lat' dir='ltr'>Resp3</span> <span class='ocrx_word' id='word_1_200' title='bbox 457 2725 530 2790; x_wconf 90' lang='lat' dir='ltr'>dist.</span> <span class='ocrx_word' id='word_1_201' title='bbox 553 2730 624 2792; x_wconf 91' lang='lat' dir='ltr'>mai.</span> <span class='ocrx_word' id='word_1_202' title='bbox 651 2729 763 2797; x_wconf 85' lang='lat' dir='ltr'>iudicia</span> <span class='ocrx_word' id='word_1_203' title='bbox 786 2727 945 2816; x_wconf 84' lang='lat' dir='ltr'>quaelibet</span> <span class='ocrx_word' id='word_1_204' title='bbox 970 2726 1091 2796; x_wconf 88' lang='lat' dir='ltr'>forent</span> 
     </span>
     <span class='ocr_line' id='line_1_31' title="bbox 227 2812 1093 2900; baseline 0.001 -20"><span class='ocrx_word' id='word_1_205' title='bbox 227 2819 400 2900; x_wconf 83' lang='lat' dir='ltr'>necessaria</span> <span class='ocrx_word' id='word_1_206' title='bbox 441 2812 553 2880; x_wconf 87' lang='lat' dir='ltr'>eadem</span> <span class='ocrx_word' id='word_1_207' title='bbox 589 2836 732 2884; x_wconf 86' lang='lat' dir='ltr'>manente</span> <span class='ocrx_word' id='word_1_208' title='bbox 768 2819 911 2884; x_wconf 88' lang='lat' dir='ltr'>idearum</span> <span class='ocrx_word' id='word_1_209' title='bbox 948 2821 1093 2881; x_wconf 86' lang='lat' dir='ltr'>conve-</span> 
     </span>
     <span class='ocr_line' id='line_1_32' title="bbox 228 2905 1096 2996; baseline -0.002 -20"><span class='ocrx_word' id='word_1_210' title='bbox 228 2905 381 2976; x_wconf 70' lang='lat' dir='ltr'>nientium</span> <span class='ocrx_word' id='word_1_211' title='bbox 407 2905 456 2972; x_wconf 86' lang='lat' dir='ltr'>vel</span> <span class='ocrx_word' id='word_1_212' title='bbox 485 2924 550 2975; x_wconf 83' lang='lat' dir='ltr'>uon</span> <span class='ocrx_word' id='word_1_213' title='bbox 576 2907 831 2978; x_wconf 84' lang='lat' dir='ltr'>convenientium</span> <span class='ocrx_word' id='word_1_214' title='bbox 856 2905 1096 2996; x_wconf 79' lang='lat' dir='ltr'>repraesenta-</span> 
     </span>
    </p>
   </div>
   <div class='ocr_carea' id='block_1_2' title="bbox 0 0 1139 3428">
    <p class='ocr_par' dir='ltr' id='par_1_2' title="bbox 0 0 1139 3428">
     <span class='ocr_line' id='line_1_33' title="bbox 0 0 1139 3428; baseline 0 0"><span class='ocrx_word' id='word_1_215' title='bbox 0 0 1139 3428; x_wconf 95' lang='lat' dir='ltr'> </span> 
     </span>
    </p>
   </div>
  </div>
 </body>
</html>
