2258 3428
86 265 120 306 ,¹
252 235 337 290 rtur
357 213 569 291 i.''idcrcus'.
593 235 668 284 nnn.
693 235 735 284 tr.
868 231 918 308 §t

74 301 111 371 e't
144 309 363 398 metaphysica
399 329 453 374 seu
482 305 709 375 intentionum
722 355 734 388 ,
761 325 846 396 quae
876 309 912 372 fit

76 415 140 480 per
154 415 287 462 mentem
303 417 335 464 et
352 398 530 476 tationem,
559 396 711 484 ideasque
727 399 810 483 ipsas
835 411 914 460 tan-

77 499 143 548 tum
164 481 272 552 afficit.
306 487 336 552 Si
358 505 464 564 autem
482 487 641 551 distinctio
664 487 745 552 inter
766 487 845 552 duat
864 505 912 550 ret

81 569 275 656 intercedat,
308 593 345 641 ut
357 577 441 660 ,inter
462 595 580 665 corpus
602 593 642 640 et
655 577 816 654 enimam,
842 590 912 642 tum

79 659 177 735 realis
191 669 298 729 maior
319 665 522 752 appeliatum
552 681 585 728 et
607 663 712 730 realis
730 669 834 730 minor
857 664 914 728 di·-

74 744 179 829 cituff,
210 774 295 842 quae
322 753 375 818 est
397 756 479 818 inter
515 773 578 816 reru
609 771 640 819 et
670 753 735 819 eius
765 751 910 834 modum,

73 856 126 900 seu
140 838 223 904 inter
249 842 486 919 substantiam,
509 861 539 907 et
558 841 592 906 id
612 841 700 926 quod
718 841 913 909 substantiae

72 923 242 1008 inhaeret,
268 932 420 1020 quodque
435 931 500 995 sine
515 929 662 994 subiecto
683 949 751 996 esse
768 951 832 994 non
849 953 912 1018 po·

71 1025 133 1078 test
149 1061 160 1094 ,
177 1018 251 1082 licet
269 1019 442 1085 substantia
456 1020 518 1083 sine
530 1019 587 1081 illo
605 1039 671 1083 esse
687 1019 783 1106 possit
798 1063 807 1097 ,
824 1041 911 1105 qua-

71 1100 109 1164 lis
136 1125 185 1168 est
218 1107 378 1173 distinctio
404 1109 485 1173 inter
510 1106 643 1196 digitum
671 1108 698 1170 ei
724 1105 790 1171 eius
817 1105 908 1174 infle-

72 1191 214 1260 xionem.
245 1195 330 1262 Nam
353 1197 471 1285 digitus
496 1215 606 1286 potest
628 1216 692 1261 esse
723 1198 789 1263 sine
812 1194 910 1261 infle-

73 1279 193 1362 xione,
221 1285 279 1352 sed
301 1287 428 1352 inflexio
445 1287 510 1350 sine
530 1285 655 1374 digito,
685 1307 779 1372 quem
796 1281 914 1366 afficit,-

71 1387 131 1434 uec
156 1393 225 1438 esse
253 1395 314 1440 nec
331 1376 459 1464 concipi
487 1392 604 1460 potest.
636 1373 808 1456 Distinctin
833 1395 909 1441 rea·

73 1454 108 1519 lis
132 1462 231 1526 minor
255 1479 392 1529 vocatur
412 1464 504 1528 etiam
525 1461 678 1529 modalis.
709 1464 771 1528 Sed
791 1483 907 1528 nornen

73 1541 133 1609 hoc
143 1553 382 1619 convenientius
395 1553 588 1618 tribueretur
600 1551 791 1617 distinctioni
801 1599 811 1629 ‚
825 1573 913 1635 quae

77 1637 210 1720 estinter'
226 1643 341 1708 modos
359 1640 547 1728 separabiles
566 1685 575 1718 ,
605 1659 659 1704 seu
674 1657 810 1724 quntum
826 1661 913 1705 unns

79 1717 295 1814 insubstantia
317 1753 480 1796 remanere
495 1745 602 1816 potest
617 1727 690 1794 'sine
710 1727 821 1792 altero.

89 1817 92 1822 '
123 1807 311 1884 ‘Distinetio
327 1821 455 1886 tationis
480 1819 531 1883 vel
544 1819 578 1882 fit
600 1837 672 1880 curn
696 1817 806 1907 eiiquo
829 1813 911 1880 fun«

80 1892 223 1969 dumento
247 1907 277 1970 in
304 1907 400 1974 rebus
421 1908 496 1996 ipsis
513 1907 620 1993 posito
633 1951 643 1986 ,
672 1907 723 1973 vel
744 1909 806 1973 sine
828 1903 911 1971 fun-2

75 1983 230 2060 damento.
261 1997 355 2062 Prioi
379 1995 493 2076 dicitur
515 1999 654 2062 rationis
671 2000 906 2078 ratiocinatur,

73 2081 163 2162 itque
193 2087 285 2151 etiam
317 2083 473 2151 virtualis
502 2101 533 2150 et
556 2089 773 2174 praecinunt,
804 2109 907 2172 quuttt

72 2164 185 2250 scilicet
208 2177 320 2242 eadem
348 2193 396 2240 est
422 2174 562 2250 entitas,
591 2173 645 2236 sed
676 2174 791 2238 virtute
815 2178 912 2239 mul-t

72 2251 172 2338 ciplex
192 2281 246 2329 seu
277 2261 419 2350 pluribus
447 2261 660 2350 aequivalens.
684 2259 788 2328 Vude
818 2265 903 2332 idern

70 2345 192 2430 efficit,
218 2375 255 2419 ac
272 2353 297 2418 si
325 2353 432 2441 plures
450 2367 563 2416 'essent
586 2371 647 2414 res.
677 2349 725 2414 Sic
753 2351 909 2432 rustitiani:

69 2429 127 2497 Dei
149 2457 180 2504 et
203 2443 449 2509 misericordiam
471 2437 715 2524 distinguimus,
744 2458 908 2525 unumque

70 2520 134 2586 sine
162 2527 258 2596 altera
291 2531 500 2616 concipimus.
534 2527 634 2592 Haec‘
652 2529 810 2594 distinctio
838 2533 908 2597 alid

72 2610 192 2682 nornine
214 2621 325 2684 vocari
341 2617 421 2686 s'olet
437 2621 602 2706 praecisio
616 2621 787 2685 obiectt'vn.
817 2618 903 2684 Post

72 2699 167 2767 tenor
197 2707 372 2774 distinctio·
385 2710 464 2772 solet
490 2706 641 2792 appellari
670 2713 809 2774 rationis
839 2733 907 2776 ra«

71 2789 255 2862 crocitantes
275 2795 308 2864 e't
331 2817 394 2861 non
408 2793 622 2884 praeciti'rnr,
648 2803 690 2856 ut'
709 2799 732 2860 si
758 2801 831 2881 quis¹
847 2801 905 2863 in-t

71 2875 286 2950 dementatur
303 2883 492 2952 uestimento
513 2903 700 2948 secerneret.
732 2888 822 2952 Haec
838 2895 905 2950 eru-1

70 2963 129 3032 t‘et'u
151 2970 315 3042 distinctis
337 2972 500 3041 nullsest
519 3019 532 3052 ,
567 2988 718 3058 ut‘patet
731 3019 744 3060 ,
771 2978 802 3039 in
830 2978 914 3060 ips&
