2270 3416
145 78 207 142 15²
398 81 602 131 -rsrsrrrvm
623 58 769 127 tatros.

140 148 270 216 utinime
289 167 372 237 opus
403 167 449 220 est
478 154 518 218 ad
533 151 727 217 existentiam
753 143 817 210 Dei
835 140 973 208 'invicte
995 137 1048 208 de·

140 241 404 304 monstrandam·
418 243 483 319 Qui
505 241 693 315 adfirmant,
719 236 827 300 Deum
860 230 992 320 aliquid
1012 229 1052 316 ¹ab
1120 231 1121 234 ’

141 335 270 390 aeternis
291 347 400 392 create
420 333 587 420 potuisse,
607 330 651 392 ita
665 339 912 390 suam-tuentur
933 338 1054 385 senten·

141 413 225 476 tiam.
249 413 524 482 Nullumseilicet
545 413 604 480 fult
627 417 657 477 in
683 430 753 476 tota
775 411 979 476 aeternitate
1004 408 1051 470 in·
1111 460 1113 499 ἰ

141 517 244 577 stans,
265 503 295 564 in
322 523 389 591 quo
415 507 495 569 hane
520 503 647 570 creandi
669 500 851 586 potentiam
874 497 975 562 Deus
991 515 1052 558 non

139 584 302 666 habuerit;
321 590 451 656 effectus
475 613 580 658 autem
605 591 696 654 simul
723 608 796 650 cum
810 606 919 650 causa
947 596 1052 672 potest

140 674 296 755 existere,
320 679 391 746 licet
413 683 451 744 sit
475 703 598 768 semper
614 698 708 742 causa
721 675 808 758 prior
824 672 955 738 effectu
968 675 1052 760 prin-

139 767 244 828 rr'tate
278 782 437 846 naturae,
468 791 532 834 nnn
559 789 636 832 vero
669 767 851 852 prioritate
875 762 1050 848 temporis.

139 849 202 914 Alii
229 856 450 934 contendunt,
467 858 547 921 hanc
569 855 610 920 ab
623 871 753 918 aeterno
778 848 986 914 creationem
999 867 1048 910 te·

141 960 306 1026 pugnare,
333 945 422 1030 quod
437 947 553 1010 creatio
576 947 615 1007 sit
630 942 779 1007 transitus
794 959 810 1000 a
827 957 897 1000 non
917 955 993 1001 ente
1009 929 1046 996 ad
1117 1015 1118 1022 ἵ

141 1048 217 1106 ens,
234 1051 271 1094 ac
289 1033 421 1116 proinde
446 1053 608 1098 necessum
626 1047 692 1106 est,
716 1047 750 1090 ut
768 1023 820 1104 id,
838 1025 939 1108 quod
964 1043 1053 1088 erea-

144 1132 327 1193 tut,ansea
350 1142 413 1184 non
436 1122 566 1188 existat.
589 1121 618 1184 Si
633 1136 736 1182 autem
759 1135 823 1178 non
845 1114 984 1188 existit,
1001 1131 1055 1174 ars·

143 1223 272 1290 requam
286 1201 427 1284 creatura
444 1231 520 1298 ergo
536 1229 599 1272 non
623 1222 671 1271 est
688 1203 727 1268 ab
744 1221 878 1266 aeterno
890 1215 1050 1265 creatum.

144 1289 236 1361 Deus
260 1295 383 1379 itaque,
399 1297 569 1381 inquiunt,
587 1293 694 1382 potuit
718 1311 823 1356 create
840 1288 883 1352 ab
907 1306 1055 1365 aeterno,

144 1380 201 1444 ted
224 1380 255 1444 in
281 1401 446 1470 tempore3
470 1387 576 1474 potuit
592 1383 709 1447 scilicet
725 1399 829 1445 creare
844 1378 877 1440 in
892 1377 985 1440 omni
999 1396 1056 1438 ae-

144 1469 299 1533 ternitatis
325 1491 487 1538 momento
505 1471 716 1536 distributive
740 1483 868 1542 sumto,
893 1485 964 1528 non
980 1481 1058 1528 vero

145 1554 178 1620 in
201 1559 349 1624 omnibus
373 1560 565 1628 aeternitatis
591 1555 758 1622 momentis
773 1550 949 1618 collective
966 1572 1058 1614 surn-

70 1689 77 1704 ,
146 1643 197 1707 tis.
229 1645 319 1712 Patet
341 1650 453 1735 igitur,
478 1649 695 1733 quaestionem
720 1643 801 1712 hanc
829 1642 858 1704 in
873 1655 1058 1726 ‘utramque

146 1748 271 1814 partem
289 1757 307 1798 a
324 1737 519 1802 scholasticis
532 1735 691 1824 agitatam
704 1775 714 1810 ,
729 1728 804 1794 nihil
819 1730 954 1791 omnino
974 1747 1058 1790 cou-

145 1818 284 1886 iunctam
309 1843 375 1890 esse
404 1847 477 1908 cum
499 1823 667 1890 existentia
680 1820 740 1885 Dei
753 1863 765 1898 ,
780 1835 878 1906 quam
904 1814 1057 1881 invictis-

149 1910 230 1974 simis
245 1909 528 1978 demonstravimus
548 1909 749 2000 argumentis.
949 1986 953 1994 f

213 1997 339 2064 Obiect.
367 2023 398 2081 4.
423 2001 474 2066 Ex
501 2001 632 2064 notione
653 1997 732 2064 entis
747 1990 971 2079 perfectissimi
990 2011 1056 2055 nos

147 2085 242 2168 magis
270 2089 420 2154 concludi
450 2106 580 2177 potest,
606 2085 686 2152 illud
714 2084 872 2160 existere,
897 2101 999 2166 quarn
1014 2096 1055 2146 ex

147 2175 277 2240 notione
300 2178 444 2266 trianguli
459 2176 564 2264 colligi
588 2175 707 2264 possit,
735 2171 873 2236 existere
898 2171 1049 2256 figuram,

147 2283 231 2347 qnae
247 2281 307 2329 tres
322 2267 453 2353 angulos
467 2264 585 2340 habet;
602 2262 687 2348 atqui
702 2259 763 2324 hoc
782 2257 964 2323 secundum
980 2257 1054 2321 col·

147 2350 197 2438 ligi
226 2375 288 2416 non
306 2365 437 2438 potests
464 2375 541 2442 ergo
557 2373 613 2420 nec
630 2353 777 2438 primum.
794 2347 895 2431 Resp.
914 2346 959 2408 N.
980 2342 1054 2408 mai.

147 2458 178 2502 et
206 2441 386 2526 paritatem:
406 2444 489 2506 Nam
513 2440 674 2514 existentia
690 2435 866 2502 necessaria
887 2455 927 2498 eo
954 2431 1055 2498 modo

148 2526 289 2614 sehabet
306 2549 450 2615 respectu
464 2531 543 2597 entis
561 2522 802 2616 perfectissimi,
828 2521 999 2608 quomodo
1019 2539 1051 2582 se

75 2659 78 2665 -
146 2613 242 2679 habet
257 2637 402 2682 numerus
417 2620 570 2684 ternatius
586 2614 772 2704 angulorum
789 2625 934 2694 respectu
950 2607 1052 2671 trian-

147 2704 230 2788 guli,
254 2723 315 2766 non
339 2719 445 2770 autem
468 2707 535 2792 ipsa
558 2703 718 2770 existentia
741 2697 903 2784 trianguli.
921 2695 1051 2774 Quem-

145 2789 317 2861 admodum
334 2807 438 2856 autem
461 2813 607 2858 numerus
625 2787 779 2856 ternarius
795 2784 982 2872 angulorum
1000 2798 1044 2847 est

146 2875 333 2939 attributum
344 2879 502 2963 trianguli,
512 2901 566 2944 seu
575 2879 695 2964 ligurae
708 2871 809 2938 tribus
822 2870 911 2935 lineis
923 2889 1051 2933 concur·

146 2961 287 3026 tectibus
304 2965 498 3044 terminasset
513 2968 555 3032 ita
570 2963 733 3033 existentia
747 2957 921 3040 necessaria
943 2979 977 3023 se
989 2956 1049 3022 ha·
