2298 3418
612 155 626 180 *o

241 229 307 290 2¹4
472 218 685 272 'rnsrrrvru
701 207 841 270 eureos.

179 347 182 350 -
239 297 297 364 nisi
325 294 582 374 definitionibus,
610 293 844 374 axiomatibus,
876 293 1100 382 experientiis

238 387 291 453 vel
311 383 581 473 propositionibus
610 383 816 462 indubitatis,
839 384 1003 448 conclusio
1030 381 1102 448 dc-

239 491 425 540 monstrata
463 473 587 539 dicitur.
624 469 738 561 ltaque
759 469 992 537 demonstratio
1035 488 1100 538 est

237 563 320 628 'illud
342 561 543 649 'probationis
569 581 689 651 genus,
715 560 805 649 quod
829 557 1099 641 delinitionibus,

216 727 218 732 ,
242 647 477 729 axiomatibus,
505 649 726 738 experimentis
752 666 784 716 et
806 647 1098 738 propositionibus

236 741 421 806 indubitatis
444 741 565 804 nititur.
590 735 790 803 Arctioribus
806 756 910 802 tamen
924 735 1097 803 limitibus
1134 729 1135 764 ³

237 831 377 894 codrceri
403 827 483 892 solet
508 827 788 893 demonstrationis
815 847 950 904 nomen,
981 843 1092 914 atque

237 919 269 982 in
288 918 593 983 demonstrationum
610 937 742 982 numero
757 937 822 979 non
839 913 993 980 habentur
1010 915 1091 980 vul-

237 1029 280 1097 go
309 1008 365 1072 uisi
393 1005 728 1094 probationes,.quae
754 1003 882 1070 tandem
912 1005 943 1068 in
969 1001 1090 1068 defini·

238 1117 342 1162 tiones
373 1113 405 1158 et
432 1095 590 1159 axiomata
622 1094 845 1171 resolvuntur,
875 1114 932 1158 nec
958 1090 1085 1157 admit-

173 1263 174 1266 ,
239 1202 353 1250 tuntur
376 1184 584 1269 praemissae,
604 1205 686 1270 quae
701 1180 795 1248 solius
811 1182 1022 1270 experientiae
1041 1181 1086 1245 fi-

236 1273 279 1339 de
308 1286 467 1336 constant.
499 1272 543 1336 At
569 1293 669 1360 quum
692 1291 809 1360 scopus
832 1263 1086 1336 demonstratioss
1134 1277 1135 1360 J

241 1362 289 1426 nis
314 1361 351 1426 sit
375 1359 535 1424 certitudo
559 1361 764 1448 cognitionis,
787 1381 868 1445 quae
893 1381 957 1424 non
978 1359 1088 1424 minus
1134 1367 1135 1398 ³

239 1448 427 1527 obtinetur,
456 1449 510 1513 ubi
536 1451 751 1536 experimenta
778 1446 957 1514 indubitata
993 1464 1086 1512 tarn-

239 1559 336 1626 quatn
362 1541 542 1624 praemissas
564 1536 766 1614 adhibueris,
791 1537 886 1626 quarn
917 1535 970 1602 ubi
997 1536 1083 1601 defi-

240 1628 377 1692 nitiones
412 1635 443 1692 et
481 1627 635 1691 axiomata
667 1625 879 1703 adltibentur3·
904 1625 1083 1690 consultius
1134 1651 1135 1702 i

240 1715 409 1792 duximus,
424 1713 701 1778 demonstrationis
715 1715 973 1804 significationem
987 1713 1081 1778 latius
1134 1757 1135 1782 3

222 1823 407 1890 usurpare.
429 1801 519 1866 Haec
536 1801 739 1868 conferantur
759 1825 843 1868 cum
854 1803 910 1882 iis,
925 1825 1006 1891 quae
1019 1803 1080 1867 iam
1134 1809 1135 1846 l

241 1890 375 1955 diximus
391 1890 430 1954 de
448 1891 720 1976 propositionibus
739 1889 1079 1958 indemonstrabilibus.

309 1977 549 2060 Demonstratio
570 1999 675 2046 autern
698 1979 822 2068 duplex
838 1999 904 2060 est,
919 1985 1094 2056 ostensiva¹

241 2063 308 2131 sive
322 2065 471 2146 directa,
493 2089 555 2160 qua
577 2091 615 2133 ex
638 2069 770 2135 notione
795 2066 926 2136 subiecti
951 2068 1077 2160 colligi·

241 2169 312 2233 tur,
332 2155 548 2244 praedicatum
569 2155 714 2224 subiecto
736 2161 924 2226 conveniret
948 2175 980 2225 et
1006 2179 1081 2246 apo·-

207 2255 210 2261 ’
236 2247 358 2332 gogica
384 2265 440 2312 seu
462 2245 649 2324 indirecta,
676 2268 761 2333 qua,
789 2249 892 2334 posita
919 2266 1078 2334 tamquam

242 2355 317 2398 vera
343 2333 559 2423 propositione
585 2335 829 2401 contradictoria
856 2335 1095 2426 propositionis-

240 2421 528 2500 dcmoustrandae‚
553 2423 710 2512 colligitur
724 2423 776 2501 id,
793 2426 880 2511 quod
892 2424 1080 2514 propositio·

242 2510 275 2574 ni
298 2533 389 2576 verae
412 2510 461 2575 vel
484 2511 606 2575 notioni
628 2513 758 2578 subiecti
772 2513 974 2579 contradicit.
990 2513 1078 2586 Hace

242 2600 350 2664 ultima
373 2598 650 2666 demonstrationis
671 2601 790 2689 species
810 2602 927 2676 dicitur
948 2601 1077 2690 quoque

242 2685 391 2754 reductio
418 2686 468 2754 ad
490 2689 669 2753 absurdum
698 2690 748 2755 rel
774 2691 824 2755 ad
848 2689 1054 2780 impossibile.
1089 2717 1093 2726 “

286 2771 350 2840 lll.
396 2775 447 2840 Ex
473 2773 518 2840 his
541 2775 741 2864 intelligitur,
767 2800 831 2865 qua
861 2779 982 2846 ratione
1010 2776 1091 2845 for-¹
1134 2843 1135 2860 ,

242 2862 320 2928 mari
346 2865 442 2948 possit
472 2863 700 2931 demonstratio
724 2866 897 2934 ostensiva.
922 2868 1078 2934 Demons—

241 2953 411 3022 stationem
434 2955 627 3024 ostensivum
653 2956 865 3041 conditurus,
892 2978 932 3024 ex
959 2957 1091 3048 integra·
