2264 3420
254 127 340 176 enus
360 125 390 174 u
411 126 571 174 unnnntt.
587 125 666 175 one.
683 125 729 173 ιι.
885 127 928 198 77

29 195 217 279 ‘obiectum
234 195 380 265 sensibile
396 219 461 261 non
481 219 575 285 posse
590 195 704 265 eodem
728 193 825 262 modo
838 215 930 285 agere

41 288 82 350 in
110 307 213 354 unum
236 307 387 392 organum
407 305 474 372 quo
494 288 556 374 agir
578 283 609 350 in
632 283 782 350 aiterum.
811 281 861 374 lta
876 306 933 350 co·

46 374 156 440 locata
171 393 267 466 agunt
282 397 312 439 tn
328 375 458 438 oculum
473 374 629 440 mediante
644 372 782 451 lumine,
798 372 933 462 inorga·

48 483 130 528 uum
143 479 244 529 tactus
260 483 318 550 pet·
336 481 523 527 contactum
554 461 772 526 inmediatum.
787 459 930 528 Evidens

49 549 150 640 igitur
180 570 251 631 est,
277 567 401 616 motum
432 547 541 616 fibrilis
566 551 684 616 nerveis
711 551 803 613 unius
818 552 930 637 organi

48 640 229 706 abeodem
254 637 387 724 obiecto
414 637 549 704 sensibili
575 636 929 727 impressumdiversum

47 730 185 792 omnino
210 749 277 794 esse
294 772 304 807 ,
321 727 361 792 ab
388 749 427 792 eo
441 771 450 806 ,
466 729 521 816 qui
535 725 662 814 alterius
686 727 794 816 organi
820 724 930 792 fibrilie

46 815 267 904 imprimitur,
282 837 319 880 ac
332 815 466 904 proinde
489 815 607 903 species
631 816 797 902 impressas
808 837 874 882 esse
886 815 930 882 di·

7 981 9 996 ἱ
46 923 172 984 versas,
186 902 322 990 ideoque
336 921 367 970 et
379 903 516 969 diversas
528 904 616 968 ideas
630 901 930 968 materialesacsen-

7 1011 8 1014 ’
48 991 175 1057 suales.
208 991 356 1056 Diversae
380 1013 450 1058 esse
475 992 620 1058 notiones
647 991 774 1057 diversis
792 991 932 1058 sensibus

7 1159 8 1164 ἵ
49 1079 260 1166 adquisitas,
276 1079 439 1145 confirmat
466 1081 662 1168 exemplum,
677 1079 763 1166 quod
779 1083 813 1144 itt
828 1079 860 1144 T
856 1101 931 1147 ran·

47 1169 256 1233 sactiom'bus
266 1165 499 1256 philosophicis
516 1167 640 1257 legitur.
655 1167 780 1233 Caecus
797 1187 815 1232 a
846 1167 929 1232 nati·

49 1255 152 1336 vitate
165 1277 235 1321 cum
249 1257 333 1320 visus
349 1277 441 1320 usum
464 1256 639 1346 chirurgica
662 1257 850 1342 operatione
878 1277 930 1324 re·

46 1363 228 1432 cuperasset
241 1389 250 1422 ‚
263 1343 331 1408 solo
346 1342 415 1408 visu
429 1363 600 1431 corporum
613 1343 777 1411 distantias
791 1390 801 1424 ,
817 1359 850 1410 et
872 1347 941 1410 so-'

45 1431 113 1498 lida
130 1453 267 1522 corpora
282 1453 300 1496 a
316 1431 405 1520 pictis
421 1453 485 1495 non
501 1430 581 1499 bene
599 1434 730 1522 primum
747 1431 929 1521 distingue-

47 1518 107 1584 bat
124 1566 134 1598 ‚
150 1523 253 1584 omnia
265 1516 345 1586 e'nim
357 1517 490 1585 visibilia
503 1521 602 1588 veluti
616 1521 743 1586 oculum
766 1524 928 1610 tangentia

45 1609 108 1696 ipsi
121 1607 316 1698 apatebantt
334 1615 372 1672 e'x
386 1607 492 1698 figuris
513 1627 543 1676 et
568 1607 726 1674 coloribus
740 1629 831 1675 sensu
848 1630 928 1697 per-

33 1699 151 1788 ceptis
167 1719 279 1762 canem·
294 1719 311 1760 a
325 1691 386 1762 fele
398 1742 408 1775 ,
422 1718 502 1782 quos
516 1695 618 1762 adhuc
628 1718 738 1764 caecus
749 1697 928 1786 saepissime

47 1799 252 1866 tractaverat,
267 1800 299 1851 et
311 1801 398 1850 tactu
410 1785 509 1872 probe
521 1785 729 1865 discernebat,
746 1807 809 1852 non
826 1802 925 1874 pote-

47 1891 100 1938 rat
115 1873 332 1964 distinguere;
358 1871 520 1939 nesciebat
534 1873 635 1956 enirn,
658 1893 764 1940 utrum
790 1875 925 1940 sensatio

47 1963 135 2028 canis
147 1963 216 2027 visu
233 1963 374 2050 percepti
389 1962 545 2048 producta
558 1979 638 2029 esset
652 1963 691 2030 ab
707 1963 818 2030 eodem
832 1961 926 2028 obie-

45 2070 103 2116 cto
119 2097 129 2130 ,
145 2051 233 2138 quod
250 2067 341 2115 antea
354 2073 410 2136 per
422 2066 542 2116 tactum
556 2046 754 2136 producebat
768 2050 926 2118 sensatio-

44 2161 119 2204 nem
132 2141 214 2202 canis
228 2139 403 2217 diversam,
419 2161 458 2206 an
473 2137 512 2202 ab
528 2140 582 2202 illo
598 2139 743 2217 obiecto,
766 2140 853 2226 quod
868 2150 940 2227 pet'

45 2243 168 2293 tactum
185 2223 385 2314 producebat
396 2229 600 2294 sensasionem
614 2225 692 2296 felis.
709 2225 783 2316 Hoc
797 2230 925 2313 propria

45 2338 87 2384 ex
116 2315 245 2381 erientia
254 2333 284 2380 et
293 2316 466 2381 attentione
478 2315 618 2381 adhibita
632 2316 737 2404 potuit
750 2313 925 2381 addiscere.

129 2403 251 2468 eclicet
276 2401 434 2480 obiceres
458 2405 546 2492 quod
574 2405 658 2470 caeci
686 2419 773 2468 tactu
801 2402 942 2470 colores*

45 2488 244 2580 distinguant
256 2507 309 2570 „et
325 2491 409 2556 surdi
424 2491 624 2578 loquentium
637 2491 733 2570 verba
746 2491 815 2558 visu
828 2491 940 2558 intel-'

32 2581 160 2670 digant.
175 2581 259 2644 Nam
275 2579 299 2643 si
315 2579 396 2644 duae
422 2581 586 2666 qualitates
602 2583 631 2646 in
658 2581 769 2648 eodem
799 2580 927 2646 obiecto

45 2668 139 2734 simul
154 2666 328 2734 necessario
342 2667 458 2745 insint,
474 2689 539 2732 uno
555 2690 646 2735 sensu
662 2667 803 2758 dignosci
820 2687 929 2758 potest

48 2780 89 2826 ex
103 2778 187 2834 una,
202 2757 330 2822 alteram
346 2755 476 2837 adesse,
493 2778 575 2844 quae
589 2758 629 2822 ad
646 2758 779 2824 alterum
805 2779 929 2824 sensum
1001 2813 1002 2818 ,

47 2846 191 2936 pertinet
206 2869 216 2923 3
242 2845 272 2910 in
287 2843 349 2908 hoc
365 2839 447 2910 enim
461 2844 535 2909 casu
547 2855 610 2910 una
626 2863 675 2912 est
696 2845 819 2934 signum
842 2847 930 2910 alte-

47 2938 126 3001 rius.
143 2933 244 2998 Porto
271 2953 344 2998 cum
368 2931 578 3022 colote,quo
605 2933 766 3000 obiectum
797 2934 930 2995 tinctum

50 3023 177 3090 videtur
189 3067 199 3102 ,
211 3021 381 3086 coniuncta
396 3039 443 3086 est
458 3023 614 3110 quaedam
627 3020 801 3109 superficiei
816 3019 933 3105 dispo-'
