2258 3428
204 139 251 208 9⁹
392 155 413 192 ,v
447 131 641 192 rusum.
663 127 824 183 emes„

200 204 391 286 intellectu,
418 224 491 272 narn
520 204 656 270 mutatio
683 199 814 284 nominis
842 193 944 268 ideam
974 207 1052 262 non,
1124 201 1125 256 l

200 313 304 362 mutat
322 319 331 371 3
361 295 438 362 haec
454 297 554 360 altera
568 290 728 359 distinctio
745 285 925 377 appellatur
942 286 1045 350 etiam

198 385 364 476 praecisio
381 382 553 464 formalis.

247 470 313 538 111.
360 473 471 538 Seotns
495 473 576 538 inter
599 467 832 550 distinctionem
862 461 976 526 realem
1006 473 1046 524 et

201 560 352 640 rationis,
379 560 513 626 mediam
536 559 729 646 quamdam,
759 567 790 620 ‘et
815 577 837 618 a
855 566 956 640 parre
975 550 1042 626 rei,

201 667 239 726 ur
255 668 379 728 vocat,
410 649 641 718 distinctionem
657 642 853 731 excogitavit
873 685 884 718 ,
912 637 1042 722 qualem

203 759 271 816 esse
289 755 378 824 putat
400 738 482 803 intra
496 735 647 802 attributa
661 734 766 802 divina
780 779 793 810 ,
820 750 953 815 eamque
975 747 1044 810 ap-

201 826 302 915 ¹pellat
307 825 488 909 formalem
502 823 667 892 actualem
682 845 723 887 err
740 839 863 886 natura
879 819 938 880 rei.
960 813 1045 878 Non

204 917 311 994 enim,
341 934 376 980 ut
393 917 436 982 illi
461 915 612 990 videtur,
642 911 708 976 sola
730 908 922 997 cogitatione
945 903 1043 968 iusti-

207 1004 252 1070 tia
272 1004 333 1071 Dei
349 1004 390 1070 ab
407 1006 489 1070 illius
504 1002 715 1076 misericordia
730 997 919 1066 discernitur
936 1036 949 1073 2
979 1013 1044 1056 ne-

205 1114 268 1180 que
291 1111 397 1160 tamen
419 1112 453 1158 ut
470 1116 518 1159 res
532 1093 672 1158 diversae
687 1091 766 1156 inter
788 1107 820 1152 se
837 1083 1045 1172 distinguun-

205 1199 283 1272 tur,
310 1205 409 1267 quum
427 1183 487 1248 sint
503 1204 566 1246 una
586 1197 618 1246 et
635 1179 744 1246 eadem
761 1175 885 1242 entitas.
914 1170 976 1234 Sed
990 1168 1044 1233 ci·-

206 1286 257 1334 tra
282 1292 408 1336 omnem
435 1271 547 1346 mentis
573 1269 791 1356 operationem
815 1283 878 1328 una
898 1255 969 1331 *non
993 1273 1045 1324 est

207 1355 381 1426 formaliter
397 1358 506 1428 altera.
538 1356 724 1424 Thomrssae
738 1374 815 1420 vero
823 1399 834 1431 ‚
849 1351 962 1417 reiecta
978 1344 1046 1410 for·

208 1447 282 1513 mali
300 1448 507 1528 Scotistarum
528 1448 751 1524 distinctione,
781 1458 905 1530 praeter
921 1435 1046 1521 realem

209 1554 243 1608 et
263 1538 428 1606 mentalem
449 1538 567 1604 nullam
585 1535 763 1602 admittunt.
796 1531 951 1596 Fatentur
970 1523 1046 1612 qui-

208 1625 282 1692 dem
305 1650 373 1696 esse
396 1649 414 1692 a
441 1646 532 1715 parte
557 1627 600 1692 rei
623 1615 980 1711 distinguibiliratem,
1009 1625 1047 1679 ut

210 1714 353 1796 dicunt,
389 1735 444 1780 reu
475 1712 717 1782 fundamentum
741 1711 897 1773 internum
925 1699 1044 1770 distin-

210 1805 329 1892 guendi
357 1802 444 1868 tatia
474 1805 519 1868 rei
548 1801 691 1888 simplicis
713 1795 892 1871 attributa,
922 1807 958 1855 ut
984 1787 1047 1881 ml?

210 1890 412 1973 sericordiam
433 1908 464 1957 et
487 1890 635 1956 iustitiam
660 1887 731 1952 Deis
760 1883 822 1962 Sed
843 1895 958 1968 negant
983 1897 1046 1950 ac-

210 1979 331 2065 tualem
367 1979 590 2048 attributorum
617 1974 849 2046 distinctionem
877 1969 942 2035 lieri
966 1963 1048 2032 eitra

211 2070 431 2158 operationem
461 2069 584 2136 mentis.
642 2139 644 2145 ,
923 2105 924 2108 =
970 2075 974 2082 ’

225 2208 229 2237 ,
257 2157 325 2228 IV.
358 2158 430 2239 3His
446 2157 649 2246 praemissis,
676 2153 737 2220 iam
751 2145 975 2241 explicandum
986 2160 1047 2224 est,

212 2247 291 2334 quid
305 2247 475 2339 graduum
495 2244 786 2334 metaphysicorum
808 2237 933 2304 nomine
956 2235 1049 2300 inrel-

25 2353 31 2361 ’
109 2419 114 2423 ,
212 2337 312 2426 ligant
339 2336 529 2406 scholastici.
556 2333 684 2400 Gradus
708 2329 749 2394 illi
771 2325 847 2394 nihil
864 2319 936 2390 sunr‘
951 2343 1049 2410 prae·-

212 2443 264 2506 ter
282 2425 435 2493 attributa
446 2474 459 2504 ‚
487 2446 568 2513 quae
589 2423 630 2490 ad
646 2419 810 2488 essentiam
827 2413 983 2500 cuiusque
1004 2410 1050 2478 rei

214 2519 403 2604 pertinent,
429 2516 492 2578 sire
520 2537 538 2577 a
560 2530 708 2599 supremo
734 2526 847 2594 genere
873 2525 929 2590 per
952 2500 1049 2567 inter·

215 2604 318 2676 media
348 2622 462 2691 genera
487 2601 528 2668 ad
559 2597 758 2666 individuum
784 2613 885 2678 usque
910 2589 1047 2656 descen·

217 2692 299 2771 das,
330 2694 393 2757 sive
411 2709 533 2768 ¹contra
561 2689 602 2756 ab
632 2682 797 2752 individuo
822 2701 885 2768 ¹per
914 2675 1050 2766 speciem
1122 2685 1123 2704 l

217 2798 250 2853 et
273 2801 386 2870 genera
414 2776 575 2868 tamquam
594 2797 649 2863 per
668 2771 783 2862 gradus
803 2769 844 2836 ad
866 2763 1051 2856 surpremum'

216 2889 317 2958 genus
328 2868 537 2940 conscendas.
560 2865 612 2936 sic
624 2864 833 2946 suntantea,
849 2866 986 2949 corpus,
1000 2856 1054 2921 vi-
