2326 3438
256 153 344 202 unns
365 153 419 200 tv.
443 131 612 203 moroni.
634 151 711 201 orn.
733 151 759 200 r.
871 157 936 230 ²73

96 222 231 312 quidem
252 225 389 310 palmare
411 239 483 300 est,
511 221 567 290 sed
581 239 613 290 et
636 224 817 290 memoriam
830 224 933 314 ipsam

98 311 230 399 augebit
253 312 437 400 plurimum.
467 313 595 383 Verum
613 313 655 378 ad
677 311 853 402 augendam
870 337 936 383 me-

101 399 218 468 moriae
244 401 310 464 vim
340 401 461 464 nullum
494 400 579 469 aliud
610 417 658 466 est
689 402 798 467 utilius
832 405 936 470 artifi-

101 489 213 568 cium,
240 511 338 578 quam
366 510 468 555 terum
490 489 571 554 ordo
594 510 630 554 ac
653 489 823 558 distinctio.
849 491 937 560 Hinc

99 576 267 658 videmus,
296 580 320 642 si
352 577 431 664 quid
460 577 612 666 prolixius
641 579 811 646 memoriae
838 603 937 648 uran-

97 663 242 732 dandum
270 668 335 744 sit,
365 665 515 734 uitiosae
537 664 655 732 facilius
682 666 714 732 id
741 665 850 750 effici,
880 671 937 738 ubi

100 773 165 820 rem
184 777 278 821 uuam
296 774 376 833 suo,
392 771 427 820 ut
442 773 599 844 oportet,
615 753 726 821 ordine
742 755 832 823 alteri
849 777 935 824 conn

99 845 189 908 sinuo
216 843 332 921 addis,
363 863 459 932 quam
485 849 508 907 si
539 863 603 906 uno
627 844 722 910 veluti
750 843 872 932 impetu
899 865 932 914 et

95 933 166 998 sine
188 932 299 998 ordine
322 947 427 997 totum
448 933 616 998 memoriae
636 933 778 1021 ingerere
794 937 930 1006 coneris.

144 1018 212 1088 Vl.
258 1019 414 1086 intereos
432 1065 444 1099 ‚
473 1022 529 1108 qui
546 1019 674 1086 lectioni
690 1019 768 1086 dant
783 1042 928 1109 operam,

95 1105 150 1170 alii
180 1109 315 1175 nimium
338 1108 494 1197 simplices
527 1129 565 1174 ac
592 1107 714 1174 creduli
743 1109 930 1180 itaaucto-
1006 1182 1008 1186 .

102 1213 197 1276 rum,
226 1218 304 1284 quos
328 1217 407 1284 prae
428 1193 568 1264 manibus
591 1193 737 1276 habent,
765 1198 930 1284 opinioni·
1031 1216 1033 1220 ’

98 1280 162 1347 bus
184 1306 250 1352 sese
269 1286 470 1372 mancipant,
501 1304 537 1350 ut
556 1286 716 1374 quidquid
736 1285 868 1352 inlibris
889 1315 932 1356 e.

97 1369 186 1440 lucet
218 1392 377 1466 tamquam
409 1395 520 1441 verum
553 1395 585 1440 et
612 1373 835 1440 inconcussum
866 1378 930 1444 nd.

100 1461 348 1552 mittanturque
372 1463 631 1550 complectantur.
661 1461 725 1527 Al'ri
747 1482 860 1529 contra
888 1469 931 1533 li·-

97 1545 164 1638 bris
180 1567 304 1616 tantum
320 1549 448 1618 student
464 1596 473 1632 ,
499 1571 534 1614 ut
550 1552 654 1616 omnia
671 1595 683 1628 ,
712 1572 796 1638 quae
811 1555 872 1617 suis
890 1575 934 1620 o·-

103 1637 287 1724 piniouibus
301 1639 451 1728 opposita
467 1641 576 1725 legunt
591 1683 602 1717 ,
629 1656 818 1728 oppugnent
834 1657 866 1704 et
884 1663 937 1708 re-

100 1727 214 1793 iiciant.
246 1729 434 1815 Vtrumque
456 1726 517 1790 hoc
540 1725 705 1793 numinum
720 1745 819 1812 genus
844 1731 936 1800 valde

71 1893 72 1897 Ἰ
102 1814 377 1904 improbandum,
403 1817 476 1902 quia
498 1817 617 1900 priores
633 1814 761 1904 singulis
779 1821 937 1888 erroribus

101 1905 187 1970 viam
202 1905 349 1994 aperiunt
367 1949 377 1983 ,
403 1905 593 1992 posteriores
608 1902 746 1970 veritatis
762 1910 938 1992 expositio·

103 1994 135 2061 ni
153 2009 283 2058 nocent.
314 1991 458 2059 Medium
477 1990 644 2080 quoddam
664 1991 744 2056 iuter
767 2009 939 2085 utrumque

103 2082 281 2148 tenendum
304 2100 363 2149 est.
393 2080 445 2145 lta
464 2101 575 2166 nempe
597 2077 783 2145 revolvendi
801 2099 873 2144 sunt
895 2089 940 2151 li.

98 2167 177 2249 bri,
204 2186 240 2235 ut
263 2191 327 2236 uon
348 2167 432 2234 illico
455 2167 587 2234 cuilibet
607 2165 754 2252 opinioni
775 2189 936 2239 assensum

101 2277 299 2346 praestemus
327 2279 387 2324 uec
417 2265 577 2340 tamquam
611 2249 704 2320 falsae
738 2254 941 2340 pertinaciter

104 2367 348 2436 repugnemus;
377 2343 433 2410 sed
463 2360 587 2409 attento
614 2345 718 2408 auimo
748 2358 779 2406 et
804 2363 861 2428 per
885 2366 943 2414 re.

101 2436 193 2524 gulas
216 2435 339 2523 logicae
360 2432 525 2536 supposita
548 2446 579 2497 et
594 2428 690 2518 dubia
705 2453 724 2498 a
741 2427 942 2500 demonstra-

100 2525 142 2588 tis
164 2537 199 2590 et
214 2524 333 2599 certis,
361 2521 450 2586 nulia
470 2541 488 2586 a
510 2516 633 2596 noxiis,
663 2517 820 2606 superliua
841 2541 859 2584 a
881 2543 943 2590 ne·
971 2552 974 2560 s

99 2607 279 2690 cessariis,
307 2611 391 2675 clara
420 2608 460 2674 ab
492 2604 634 2670 obscuris
663 2627 826 2672 secernere
851 2627 884 2674 et
911 2611 943 2680 in·

100 2701 217 2766 charra
240 2716 351 2765 notate
377 2695 538 2762 debemus.
567 2691 703 2780 ltaque,
733 2713 767 2758 ut
788 2696 847 2758 iam
871 2721 943 2767 sae.

104 2809 150 2877 pe
174 2789 380 2862 monuimus,
411 2788 443 2849 in
465 2783 614 2849 librorum
638 2782 773 2847 lectione
796 2787 892 2872 atque
913 2792 944 2854 in

109 2874 305 2966 opinionum
321 2874 446 2942 delectu
460 2871 597 2942 studiose
612 2869 869 2940 declinarideber
880 2896 947 2945 noo
993 2951 997 2956 p

76 2965 80 2976 ‘
161 2960 248 3033 Tam.
263 2961 294 3034 Ι.
398 2955 424 3073 ‘Ns
593 2958 622 3026 .S
