2264 3420
185 147 227 212 ςο
445 143 632 195 tssntnvtr.
656 142 811 192 ritune.¹
853 155 857 160 ·

181 216 266 284 intes
287 213 499 302 appetitiones
522 215 599 278 eius.
615 213 784 280 Evanescit
798 231 874 300 ergo
890 209 1072 281 difficultas

184 309 282 372 attera
295 304 334 370 de
346 303 519 368 voiuntatis
534 303 690 367 humanae
707 301 860 367 libertate.
871 301 918 366 Ex
936 299 988 366 his
1004 325 1075 368 orn·

183 394 274 460 nibus
291 394 335 458 sic
347 388 461 457 inferre
473 391 565 456 licet:
590 389 668 456 haec
678 387 864 478 hypothesis
875 390 976 478 longe
996 413 1074 478 pro·

183 481 319 549 habilior
333 498 380 544 est
390 525 400 556 ,
418 481 448 544 in
464 500 526 566 qun
543 499 736 548 evanescunt
752 477 958 546 difficultates
974 481 1073 546 influ-

184 590 244 634 xus
254 568 383 658 physici
396 587 429 632 et
443 590 610 645 causarum
621 567 865 633 occasionaiium
875 565 1071 656 hypothesi·

184 657 243 724 bus
255 657 543 743 commune53atqui
557 657 599 720 ita
613 679 645 722 se
665 657 761 724 habet
782 677 830 722 res
847 656 878 720 in
892 655 1068 746 hypothesi

184 747 368 814 harmoniae
392 745 652 830 praestabiiiraet
681 767 757 832 ergo
777 743 972 834 hypothesis
994 744 1067 812 haec

184 855 232 900 est
247 832 558 920 admittenda.Resp.
569 835 614 898 N.
625 834 698 896 min.
709 832 903 898 Harmoniae
917 851 1064 920 praesta·

185 921 293 988 bilitae
318 921 510 1012 hypothesis
533 943 598 988 non
626 921 728 988 solum
757 943 942 987 communes
973 921 1062 988 habet

183 1033 259 1076 ,cum
275 1032 440 1076 causatum
452 1010 695 1076 occasionaiiutn
706 1027 881 1100 systemate
894 1008 1059 1076 difficulta-

185 1121 233 1168 tes
249 1101 305 1166 sed
330 1102 421 1166 etiarn
439 1100 531 1184 longe
551 1101 722 1187 graviores.
738 1099 781 1163 Et
795 1099 925 1184 quidenr
946 1117 1061 1165 temere

185 1210 320 1279 prorsus
336 1210 372 1252 ac
388 1191 541 1252 immerito
555 1205 703 1253 constans
720 1186 899 1272 quaedam,
916 1190 1063 1276 perenn'n

186 1302 224 1343 ac
242 1276 429 1342 invariabilis
447 1293 591 1349 motuum
606 1277 699 1344 series
715 1274 935 1362 dependenter
959 1297 979 1340 a
998 1277 1062 1342 soit

84 1413 88 1421 ,
187 1367 328 1454 partium
344 1383 468 1430 textura
483 1381 751 1450 externornmque
767 1385 937 1450 corporum
952 1365 1060 1446 ordine

184 1477 218 1522 et
236 1455 362 1522 actione
378 1456 408 1518 in
425 1453 565 1519 humano
584 1474 721 1540 corpore
737 1449 844 1518 futura
860 1455 1061 1539 supponitnr3

186 1565 283 1630 quum
302 1543 519 1630 'experimento
534 1543 603 1627 ipso
619 1559 817 1627 compertum
835 1539 892 1620 sit,
915 1542 1062 1628 corporis

185 1635 286 1698 nostri
299 1630 454 1698 motusab
466 1631 602 1696 externis
613 1631 705 1696 etiam
715 1627 887 1716 subitisque
899 1633 1063 1695 causisrni·

186 1722 271 1788 rifice
282 1721 393 1786 variari
408 1721 469 1795 ita,
483 1737 519 1784 ut
534 1734 679 1784 motuum
696 1736 876 1782 nostrornm
892 1718 987 1786 series
999 1741 1061 1784 non

90 1865 96 1880 ,
187 1831 226 1874 ex
242 1811 367 1876 interno
379 1808 519 1894 quodam
535 1805 759 1894 constantique
772 1807 938 1894 principio,
950 1807 1012 1872 sed
1023 1830 1063 1873 ex

185 1897 357 1964 innumeris
378 1917 509 1982 prorsus
539 1895 776 1983 arbitrariisque
802 1899 901 1964 causis
926 1895 1062 1962 oriatur.

185 1984 322 2054 Accedit
338 1983 454 2060 etiam,
470 1984 561 2069 quod
574 1985 795 2071 experimento
810 1984 880 2070 ipso
892 1984 1063 2072 perspicue

181 2089 336 2160 apparet,
361 2072 498 2136 animum
512 2073 684 2159 aliqnando
702 2071 843 2138 motibus
859 2092 890 2138 et
903 2067 1063 2138 adfectio-

183 2160 279 2228 nibus
294 2161 353 2226 iliis
368 2159 501 2245 obsequi
516 2179 549 2226 et-
559 2160 708 2228 adsentiri
720 2207 729 2238 ,
742 2183 822 2246 qnae
834 2160 1017 2227 excitantur
1030 2164 1062 2226 in

185 2271 343 2339 corpore,
359 2250 414 2316 sed
426 2241 598 2338 aliquando
613 2269 719 2316 tamen
731 2250 765 2314 iis
776 2251 921 2314 resistere
936 2271 973 2313 nc
989 2250 1064 2314 dis-

189 2320 294 2408 sentiri
306 2343 361 2416 its,
370 2357 405 2404 ut
414 2339 500 2404 nuila
510 2357 710 2404 constansac
724 2335 907 2404 invariabilis
915 2337 1062 2406 similium

185 2443 333 2504 motuum
354 2425 695 2494 seriecneihs'rnrnnia
712 2425 815 2514 effingi
841 2425 966 2514 possit,
996 2450 1062 2513 qna

185 2519 262 2587 dum
285 2515 540 2601 motus-quidam
557 2521 587 2581 in
607 2537 746 2605 corpore
764 2517 939 2593 excitatur,
955 2516 1061 2581 similis

172 2606 265 2674 aiter
286 2625 318 2671 et
340 2625 499 2672 consonus
515 2605 547 2668 in
567 2605 669 2670 anima
684 2603 890 2688 producatur.
910 2605 1062 2692 Denique

175 2693 329 2780 ,perfecta
339 2692 571 2759 libertatisidea
584 2694 725 2780 requirit,
734 2714 768 2756 ut
779 2693 929 2760 humanus
939 2701 1065 2760 animus

180 2791 314 2854 tenorum
326 2800 457 2844 actuum
471 2781 757 2856 dominns,·auctor
771 2793 910 2849 'ettcausa
923 2802 988 2846 esse
1004 2784 1063 2850 de-

176 2867 278 2946 ,beatt
295 2888 358 2930 non
374 2869 432 2930 aiia
446 2869 486 2932 de
497 2891 590 2934 causa
605 2871 679 2934 illos
687 2888 833 2945 estserae,
850 2869 907 2937 nisi
922 2872 1013 2956 quod
1027 2872 1065 2938 il·

173 2957 232 3032 ·,ios
246 2975 389 3024 esttenete
400 2955 492 3019 uelit:
503 2959 755 3046 eoquoirnperio
766 2979 806 3022 nc
821 2957 965 3025 libertate
979 2980 1065 3024 cor.-

175 3042 380 3129 1snritetiam
392 3045 606 3133 morusseqni
619 3065 674 3112 ant
689 3045 726 3114 iis
738 3047 902 3128 resistere,
918 3067 971 3112 eos
986 3045 1064 3116 effi·
