2300 3506
211 131 255 196 1'6
459 137 650 214 rusr'tuvr.
675 127 808 198 russos.

207 218 288 308 gerit
300 218 484 306 propositio
500 219 596 299 fana,
612 221 718 286 stricta
734 219 990 309 syllogismorum
1006 209 1039 288 ii

206 309 418 374 adversarium
433 327 568 392 premat,
583 311 720 375 veritatis
738 312 966 374 conlessionem
978 331 1037 374 ex·

205 407 355 485 t‘orqueat
386 398 435 460 vel
465 399 573 462 saltem
601 399 731 462 invitum
762 399 881 484 redigat
906 397 946 460 ad
964 399 1037 486 pri·-

206 506 256 550 ma
283 485 433 572 principia
452 507 558 574 ,quae
576 488 639 551 siue
662 486 850 572 pertinaciae
878 501 952 550 nota
975 505 1037 551 ne-
1130 521 1131 528 ι

206 596 280 662 gare
306 595 369 636 non
398 575 508 659 possit.
535 595 588 640 111.
618 572 797 642 Defendens
826 576 1035 662 proponentis

204 664 507 752 argumentationem
532 682 694 730 accurrate
720 679 866 748 repetat,
895 685 953 728 nec
980 682 1034 728 ta-

205 773 277 817 men
306 751 523 836 scrupulosius
547 752 675 818 servatis
693 753 808 837 ,iisdem
834 749 956 817 verbis:
976 752 1048 816 im··

190 863 257 906 xmo
282 839 311 904 siv
333 840 486 929 prolixior
511 843 549 906 sit
574 860 605 908 et
630 839 796 908 obscurior
821 841 1033 928 proponentis

204 929 458 1017 argumentatio,
484 953 520 997 ea
546 931 576 992 in
605 933 761 1020 pauciora
782 929 945 1010 contrahi,
969 931 1036 994 cla·

202 1017 332 1106 riusque
355 1019 485 1086 exanimi
504 1017 610 1084 debet.
642 1018 765 1084 Deinde
786 1017 1034 1105 argumentatio-

204 1109 252 1173 ois
276 1109 458 1196 praemissas
483 1106 669 1193 perpendat.
693 1109 724 1172 Si
738 1107 887 1172 alterutra
911 1108 951 1170 sit
971 1105 1034 1170 fal·

206 1219 259 1273 sa,
278 1217 314 1260 ea
340 1197 443 1284 negari
472 1196 593 1272 debet3
616 1197 639 1258 si
665 1213 822 1284 utraque,
846 1193 956 1260 ambae
980 1217 1035 1259 oe·

205 1301 343 1374 gantur:
365 1287 388 1348 si
414 1303 477 1348 una
502 1286 538 1348 sit
550 1283 695 1370 ¹obscura
712 1329 720 1361 ,
738 1287 834 1349 altera
858 1281 932 1348 falsa
948 1329 958 1362 ,
972 1284 1035 1370 pri-

206 1395 256 1436 ma
279 1372 494 1460 permittitur,
518 1367 579 1435 hoc
593 1391 641 1438 est
658 1418 667 1452 ,
690 1395 793 1460 neque
808 1388 939 1473 negatur
954 1417 965 1450 ‚
982 1393 1036 1438 ne·

207 1483 271 1550 que
285 1458 455 1526 affirmatur
471 1504 482 1540 ,
507 1460 612 1528 donec
627 1463 756 1541 veritas,
780 1480 834 1526 aut
850 1463 967 1526 talsitas
983 1483 1045 1545 pa·-

207 1568 274 1618 teat
293 1596 302 1629 ,
318 1553 408 1639 quod
429 1551 470 1615 ita
484 1551 613 1636 exprimi
635 1553 738 1628 solet,
753 1565 904 1614 transeat
920 1553 1037 1627 maior,

206 1644 256 1705 vel
274 1645 387 1705 minor.
406 1640 490 1718 Quia
517 1657 621 1706 autem
643 1662 682 1706 er
704 1639 867 1726 praemissa
882 1635 956 1702 falsa
972 1639 1046 1704 erui

206 1744 272 1791 non
300 1747 406 1814 potest
434 1729 598 1792 conclusio
615 1751 712 1804 veta,
737 1732 766 1792 in
800 1727 962 1814 praedictis
978 1747 1038 1792 ca·

206 1817 291 1882 sibus
309 1835 441 1902 negatur
461 1836 664 1905 consequens.
693 1817 737 1878 At
752 1816 775 1877 si
789 1816 954 1880 conclusio
972 1837 1038 1882 nou

206 1905 372 1993 colligatur
400 1904 534 1990 legitime
566 1925 606 1969 ex
626 1905 797 1990 praemissis
824 1905 917 1970 etiam
942 1904 1036 1982 veris,
1134 1929 1135 1946 ι

208 2007 284 2058 tunc
309 1992 530 2057 conceduntur
548 1995 753 2076 praemissae,
769 2011 800 2058 et
816 2013 944 2082 negatur
966 2006 1038 2057 cct-

206 2085 390 2172 seqrrrnriu·
412 2080 441 2145 Si
467 2082 677 2168 praemissae,
700 2081 858 2166 duplicem
871 2082 1038 2146 admittant

208 2170 467 2261 significationem
484 2214 493 2248 ,
519 2191 652 2254 quarum
669 2191 730 2236 una
747 2170 867 2235 veritati
886 2172 1040 2256 proposi-

106 2279 112 2290 *
207 2272 257 2325 t'ae
279 2259 436 2324 contraria
462 2279 530 2323 esse
546 2261 643 2342 possit
661 2306 672 2336 ,
692 2263 752 2322 iam
780 2259 981 2324 distinctione
1001 2281 1058 2344 112

206 2349 340 2416 tendum
354 2365 429 2423 est,
465 2345 670 2412 declarandus
706 2369 817 2432 nempe
843 2365 889 2412 est
916 2345 1047 2434 duplex·

147 2495 151 2502 ,
208 2437 433 2526 propositionis
453 2455 561 2499 sensus
579 2480 587 2511 ‚
602 2435 660 2500 hac
681 2435 821 2502 adhibita
839 2437 960 2524 vulgari
976 2433 1040 2500 fur·

209 2529 314 2604 mula,
331 2524 497 2610 distinguo
521 2528 672 2590 maiorem
687 2569 698 2602 ,
715 2524 766 2589 vel
787 2528 938 2589 minorem
952 2547 968 2601 ,·
981 2545 1041 2590 ne-

210 2615 314 2705 ganda
328 2611 441 2678 deinde
455 2614 632 2700 propositio
643 2611 816 2678 secundum
832 2634 954 2680 sensum
966 2633 1044 2700 pro-

207 2721 371 2793 pugnatae
400 2717 521 2765 venratr
547 2703 736 2766 contrarium
762 2703 793 2766 in
820 2711 909 2768 sensu
937 2719 1042 2767 autem

201 2793 311 2858 'altero
327 2788 533 2856 concedenda
551 2812 560 2865 3
583 2810 679 2877 atque
691 2790 780 2854 simili
809 2789 905 2856 modo
927 2811 1045 2876 negan-⁴

212 2878 366 2952 dumvel
389 2877 882 2970 concedendum-consequentia.
897 2897 951 2948 svs
964 2881 1044 2958 Sae-
