2298 3418
318 101 454 152 rsnsrr
483 103 640 153 ussurus.
667 101 696 152 r.·
804 159 850 170 ,,
912 111 952 182 17

16 237 18 252 ,
73 191 196 268 pturae
210 172 406 240 testimoniis.
424 173 486 238 Sed
502 175 574 262 quia
591 175 662 241 heic
677 179 741 238 nott
762 173 955 249 revelatione

16 327 19 342 ,
52 314 54 318 .
74 265 133 330 sed
148 265 268 328 rarione
280 277 401 327 tantum
414 263 550 326 naturali
560 266 687 342 utimur,
697 262 859 331 reniterent
872 265 954 334 lranc

16 357 18 426 J
78 355 332 419 demonstramus
344 375 383 416 ex
399 353 586 438 praestantia
606 349 883 435 mentislrumanae
896 401 908 434 ,
920 375 955 425 et

16 505 18 520 ,
80 463 124 506 ex
144 443 207 507 eius
229 438 372 529 analogia
386 458 617 528 cumcorpore.
635 441 668 506 Si
680 440 760 506 enim
777 441 864 506 Deus
878 465 953 512 con·

82 545 186 596 servat
208 547 347 617 corpora
368 527 473 593 omnia
493 529 563 607 ita,
588 545 625 594 ut
646 537 703 594 t'ot‘
720 530 781 608 sint
804 535 952 602 materiae

80 619 201 697 atomi,
223 633 305 705 quot
326 615 367 682 ab
394 617 483 680 initio
501 613 635 684 metunt
660 641 671 702 p
692 620 859 705 quomodo
883 622 950 688 fieri

78 723 212 795 posset,
234 721 272 768 ut
286 703 437 770 conditor
458 705 598 793 optimus
613 723 749 771 mentem
767 706 949 791 humanam,

77 795 168 861 cuins
183 791 321 860 officium
337 809 385 860 est
400 793 612 872 Deseruere,
629 813 660 858 et
673 793 743 856 linis
758 813 889 880 propter
906 799 951 886 ip.

73 903 148 948 sum
172 882 280 946 Deum
303 885 435 962 rivere,
463 880 641 950 destrueret
672 899 710 947 et·
728 881 761 946 in
788 899 951 956 aeternum

72 969 289 1037 annihilaret?
688 993 703 1010 ν
732 981 736 993 ’

77 1097 81 1110 ·
145 1056 340 1124 Secundum.
353 1054 520 1136 Quaedam
532 1071 604 1122 sunt
615 1055 715 1122 helea
728 1053 819 1122 nobis
831 1079 953 1128 sumen·

79 1145 125 1212 da
143 1147 330 1235 postulata,
351 1167 432 1231 quae
450 1161 534 1211 certe
556 1144 621 1210 sine
642 1145 806 1230 iniquitate
830 1169 951 1218 snmrna

80 1235 191 1323 negari
208 1255 271 1298 non
287 1253 430 1323 possunt.
456 1254 511 1298 rr*
527 1251 585 1298 est:
599 1229 768 1300 humanum
784 1257 882 1325 genus
894 1239 952 1304 ini·

75 1324 156 1389 tium
173 1321 327 1389 habuisse.
343 1321 443 1401 Quod
459 1321 586 1410 quidem
604 1343 644 1386 ex
656 1325 795 1388 omnium
810 1326 951 1414 gentium

74 1411 229 1492 historiis,
245 1433 284 1477 ex
297 1432 419 1488 eorum,
432 1429 513 1497 quae
527 1427 666 1488 narrant,
682 1409 823 1488 serie‚·ex
836 1415 951 1484 artiu'rn

73 1495 222 1566 novitate
245 1501 376 1586 aliisque
398 1499 573 1563 certissimis
597 1501 783 1586 argumentis
810 1521 949 1569 constat.

73 1607 146 1655 sn·-
166 1607 215 1655 est
232 1613 241 1653 e
267 1609 392 1654 causam
416 1587 551 1650 humana
567 1605 678 1651 natura
693 1590 957 1682 praestantiorem,

72 1677 218 1744 humano
232 1677 337 1766 generi
352 1691 456 1740 ortum
472 1675 597 1741 dedisse
621 1697 631 1752 3
658 1693 729 1740 nam
747 1675 821 1740 nihil
846 1695 952 1765 potest

73 1789 138 1856 per
154 1789 187 1834 se
201 1791 219 1833 e
236 1767 335 1831 nihilo
350 1785 519 1853 emergere.
535 1779 721 1828 1rra=estsa
740 1785 889 1852 supremo
903 1789 949 1836 re·

75 1877 151 1938 *rum
166 1857 306 1936 omnium
334 1872 466 1920 auctore
486 1873 544 1916 nos
561 1849 647 1917 hisce
672 1853 808 1919 interris
830 1859 952 1942 positos

72 1939 192 2023 ruisse,
210 1965 273 2009 nou
289 1961 324 2009 ut
340 1940 429 2007 nobis
446 1949 587 2019 noceret,
599 1938 655 2006 sed
670 1959 800 2020 contra,
816 1943 956 2011 urbane·

72 2031 212 2111 laceret,
228 2030 408 2116 quotnubis
421 2047 591 2094 constater
605 2032 705 2093 omnis
713 2032 835 2116 generis
849 2032 955 2114 bonis,

71 2121 199 2207 =.quibus
216 2114 485 2185 nos'circundedit
498 2117 812 2184 beneficentissimum
828 2123 958 2189 numen.¹

82 2231 125 2274 rr
185 2227 245 2275 est:
256 2229 322 2274 eam
340 2229 406 2274 esse
419 2205 545 2271 humani
557 2203 675 2295 generis
685 2210 957 2289 constitutionem,

79 2316 118 2365 ut
133 2297 200 2363 sine
215 2297 361 2363 extremis
372 2295 459 2359 malis
471 2294 609 2359 homines
622 2293 736 2356 mutuis
745 2293 854 2360 officiis
866 2319 956 2362 care·

69 2409 114 2453 *re
133 2403 306 2475 nequeant.
323 2384 422 2472 {Quis
437 2385 517 2448 enim
533 2383 618 2446 solus
634 2381 664 2444 in
683 2381 812 2448 desertis
829 2385 892 2450 sine
905 2386 955 2450 ul·

69 2477 113 2542 la
130 2497 196 2562 ope
211 2475 345 2538 humana
363 2493 472 2562 parare
495 2469 553 2536 sibi
564 2471 681 2556 poterit
694 2470 833 2536 subsidia
849 2476 956 2542 omnia

78 2565 124 2630 ad
140 2566 238 2628 vitam
253 2563 420 2628 commode
438 2559 612 2647 degendam
633 2602 642 2636 ‚
668 2575 700 2624 et
727 2560 767 2624 ad
793 2556 955 2632 facultates

79 2674 157 2718 suas
170 2652 375 2741 perficiendas
388 2649 572 2714 necessaria?
584 2647 643 2711 His
656 2648 832 2734 praemissis
846 2671 956 2739 postu.

17 2787 18 2792 κ
65 2741 168 2820 latis,
181 2763 264 2830 quae
277 2740 308 2804 in
323 2737 452 2806 dubium
462 2739 567 2801 uocari
580 2751 755 2823 nequeunt,
768 2756 851 2807 nunc
862 2741 957 2828 linga.

64 2853 153 2897 -mus
168 2875 178 2910 ,
204 2831 308 2895 omnia
323 2826 523 2894 humanitatis
536 2821 638 2888 officia
658 2824 715 2889 sibi
738 2825 882 2914 invidens.
896 2827 956 2892 ho·

17 2985 18 2990 ,
72 2921 181 2987 mines
197 2917 347 2984 exhibere
359 2917 421 2994 ita,
439 2931 475 2978 ut
491 2931 596 2978 totum
611 2911 899 3001 huntunmgssus
921 2936 956 2979 aa

17 3081 19 3088 Α
63 3011 162 3081 msice
173 3005 357 3074 conviveret
370 3049 381 3088 ,
398 3024 463 3072 non
476 3021 618 3070 secus-ae
632 3002 957 3155 superati-dipsadi-

127 3095 224 3165 Tamo
239 3093 288 3161 11.
