2300 3506
240 177 279 263 58
478 197 664 246 tuterunt.
692 197 825 244 turres.

231 286 263 334 rt
289 266 475 333 moralitatis
501 267 665 334 actionum
690 266 781 334 ideae
809 283 882 333 suut
911 265 1044 334 innatae.
1084 335 1089 344 ,

299 357 403 443 Resp.
424 359 470 422 N.
491 357 566 422 min.
587 349 677 422 cuiu's
692 355 912 446 probationem
929 352 1066 443 explica-

231 465 314 514 mus.
331 445 453 512 Adlata
465 448 611 536 exempla
626 447 731 512 valent
742 447 906 512 dumtaxat
917 443 1066 511 adversus

231 555 310 613 eos,
338 536 391 620 qui
415 557 488 602 anre
512 559 637 602 omnem
663 537 868 602 attentionem
897 535 982 600 ideas
1000 533 1073 598 illas

232 622 390 689 urentibus
407 627 523 690 nostris
549 641 678 713 praesto
699 645 766 691 esse
790 621 990 690 arbitrantur.
1024 623 1069 688 At

232 727 331 799 quum
347 715 519 780 secundum
534 733 672 780 nostram
687 713 902 780 definitionem
916 711 1072 778 ideae-irt-

141 858 142 861 ,
233 818 328 867 natae
344 823 408 867 nou
422 803 487 871 sine
501 804 626 893 aliquo,
643 802 725 868 facili
737 820 839 869 tamen
856 801 1069 877 rationisusu,

234 892 465 976 acquirantut;
495 913 563 958 tam
584 913 707 958 crassae
731 914 767 959 ac
793 889 857 956 lete
879 889 1070 956 incredibilis
1131 965 1132 974 ἵ

233 978 429 1066 ignorantiae
456 1005 552 1046 causa
584 981 661 1050 haec
687 979 788 1060 afferri
815 973 941 1058 debet,
979 977 1071 1064 quod
1131 981 1132 1054 s

232 1089 348 1157 nempe
379 1070 424 1133 illi
456 1071 624 1152 homines,
652 1089 805 1156 qnorumv
824 1069 1002 1157 exemplum
1034 1067 1071 1134 in

232 1154 411 1222 obiectione
443 1177 617 1238 narratur,
646 1157 769 1223 mentis'
789 1178 865 1224 suae
900 1155 1070 1246 facrrltates

231 1247 453 1334 neglexerint,
480 1251 567 1315 etad
583 1251 753 1332 primarum
769 1246 939 1310 veritatum
956 1245 1071 1310 inven-
1131 1327 1132 1330 Ἴ

230 1335 413 1422 rigationem
435 1359 499 1400 non
519 1336 731 1403 adhibuerint.
761 1333 805 1400 Et
827 1335 954 1421 quidem
976 1333 1071 1397 trinsis
1131 1419 1132 1422 Ἴ

231 1422 407 1511 probarent
427 1447 465 1492 ea
488 1449 570 1512 quae
590 1425 781 1490 obiiciantur
804 1425 974 1508 exempla,
1007 1423 1070 1486 nisi

233 1533 299 1589 eo,
320 1535 415 1600 quem
427 1515 583 1593 diximus,
605 1514 702 1580 modo
719 1512 945 1600 intelligantur.
972 1511 1070 1576 Exiit

230 1601 313 1667 enim
336 1603 442 1692 colligi
462 1625 596 1692 posset,
625 1602 769 1669 homines
792 1621 921 1686 quoque
945 1601 975 1665 in
999 1599 1072 1664 oul-

229 1688 305 1752 tiori
331 1694 481 1758 societate
504 1695 687 1772 educatos,
712 1707 755 1758 et
789 1691 910 1754 ratione
939 1703 1068 1754 utentes

228 1774 380 1844 facillimis
403 1801 532 1866 quoque
555 1781 727 1870 primarum
752 1779 918 1844 veritatem
932 1779 1072 1864 princi-

228 1865 289 1954 piis
315 1869 422 1932 carere
447 1874 552 1954 pos'se.
582 1865 775 1932 Tristissima
804 1867 886 1932 enim
915 1889 979 1930 non
1014 1866 1101 1932 dra-¹

224 1970 301 2018 sunt
316 1955 462 2044 exempla
477 1956 785 2049 improbissimorum
801 1953 964 2020 hominum
977 1996 987 2034 ,
1001 1953 1073 2042 'qui-

230 2037 387 2110 hnmanae
427 2045 502 2112 licet
544 2045 704 2112 societatis
741 2044 936 2110 commercio
973 2045 1071 2108 adiu-
1131 2081 1132 2128 1

231 2130 283 2210 ti,
326 2133 477 2200 vitiorum
521 2151 626 2200 tamen
665 2150 698 2202 et
728 2132 940 2220 cupiditatum
972 2151 1073 2199 tene·
1131 2183 1132 2186 ,

230 2217 294 2284 bris
321 2222 483 2306 immersi,
520 2223 750 2311 fulgentissimo
785 2221 917 2286 tationis
957 2219 1074 2296 lumini

230 2310 344 2378 oculos
375 2313 543 2379 claudunt.
571 2311 671 2390 Quod
702 2325 806 2376 autern
835 2309 957 2376 iuvenis
988 2310 1074 2375 inter
1131 2349 1132 2392 3

230 2409 322 2465 ursos
354 2403 508 2468 educatus
538 2402 622 2465 nulla
657 2397 785 2466 tationis
817 2400 903 2488 signa
928 2397 1072 2478 dederit,
1131 2399 1132 2470 ἶ

228 2489 358 2554 nonita
383 2490 513 2580 intelligi
548 2489 673 2569 debet,
709 2486 800 2574 quod
825 2487 1074 2554 ratiocinatione
1131 2493 1132 2498 ’

227 2579 313 2642 omni
329 2577 476 2644 caruerit.
516 2575 553 2642 In
567 2579 599 2642 iis
615 2623 625 2659 ,
654 2600 735 2667 quae
753 2576 855 2641 adsui
875 2578 969 2662 ipsius
984 2597 1074 2640 con-

197 2697 199 2703 .
226 2667 438 2732 servationem
462 2667 689 2756 pertinebant,
720 2687 776 2730 tua
798 2664 950 2732 utebatur
973 2665 1076 2728 ratio-

227 2775 289 2832 ne,
322 2772 355 2821 et
385 2756 416 2820 in
445 2755 533 2822 nullo
559 2754 695 2821 fortasse
719 2755 779 2833 alio
809 2755 938 2820 obiecto
965 2753 1074 2818 suerat

184 2847 189 2854 ’
224 2862 416 2931 occupatus.
445 2844 548 2926 Quod
569 2842 693 2932 pristini
712 2859 811 2918 status
829 2863 894 2906 non
912 2845 1077 2908 memine-

224 2932 286 3015 r'it,
314 2935 428 3002 mitum
450 2952 609 3002 nonest:
633 2932 714 3000 aliae
740 2932 824 2998 euim
844 2932 990 2998 notiones
1015 2950 1097 2996 act
