2298 3418
255 89 319 156 ¹74
498 85 672 134 rusntnvt
697 85 839 131 naiton·
893 106 896 114 ›
947 107 951 116 ·

318 151 417 220 Proh.
438 172 477 220 n.
501 174 585 242 pars.
609 153 848 242 propositiones
867 150 1101 221 contradicto·

254 242 317 310 riae
340 261 442 322 sunt,
469 241 631 330 inquibus
657 242 741 308 idem
764 244 893 331 ponitur
915 240 1011 306 simul
1041 263 1102 307 et-

255 353 289 401 se
306 347 338 398 ct
353 351 419 394 non
441 351 521 396 este.
554 331 712 398 Ponamns
734 350 869 408 autem,
899 327 951 394 vel
969 348 1104 394 urrann·

227 459 229 466 ι
255 442 318 508 que
340 440 409 486 esse
425 439 530 484 vetant
545 463 555 498 ‚
569 415 644 495 „ves
663 438 829 508 utramque
858 418 979 484 faloam.
1011 418 1104 483 Non

254 527 392 598 possunt
419 527 486 574 etse
512 508 623 579 ambae
645 529 765 588 verae,
795 507 870 596 qnia
890 507 1106 594 impossihile

255 613 328 674 est,
358 593 445 660 idem
468 595 567 662 simul
587 619 657 664 etse
681 613 712 664 et
729 619 884 664 noneste.
915 594 991 664 Nec
1021 614 1108 660 sunt

255 684 366 752 ambae
382 681 477 754 falsae
491 731 501 764 ,
526 687 599 774 qnia
611 684 781 774 quodlibet
794 701 866 764 est,
886 681 938 750 vel
948 706 1014 753 nott
1034 700 1105 764 est,

254 791 292 861 nt
314 794 373 862 per
393 794 426 838 te
450 791 552 862 patet.
582 773 669 863 Ergo
691 795 753 840 nna
770 792 816 841 cst
832 775 1012 858 necessario
1040 797 1104 841 ve·

254 883 315 941 ta,
333 862 433 927 altera
455 864 633 929 necessario
653 861 739 928 falsa.
813 911 817 916 -

275 949 283 1032 j
319 949 415 1016 Prob.
445 975 477 1015 2.
499 973 583 1039 pars.
605 951 654 1016 Ex
671 952 802 1016 notione
816 947 1098 1029 contradictionis,

253 1056 348 1106 etex
373 1040 471 1104 modo
494 1040 722 1106 demonstratis*
745 1038 822 1104 nihii
852 1037 937 1104 aliud
963 1037 1100 1128 colligi-

253 1123 333 1208 inr,
361 1127 418 1192 nisi
443 1129 627 1194 alterutram
644 1129 894 1220 propotitionenr
910 1147 1026 1192 veram
1049 1150 1102 1194 es·

252 1237 289 1305 pc
310 1231 366 1280 ant
390 1213 526 1295 falsam,
556 1217 689 1282 minime·
706 1239 782 1282 veto
805 1213 966 1296 infertur,
998 1237 1102 1281 unani

252 1306 385 1398 potins,
415 1326 510 1391 quam
525 1305 654 1372 alteram
669 1327 776 1400 veropr
802 1327 869 1372 esse
891 1319 945 1369 aut
971 1301 1101 1370 faisant.

252 1391 364 1472 Quum
382 1395 465 1459 enirn
481 1397 595 1458 veritas
620 1396 659 1459 sit
680 1394 902 1460 convenientia
918 1393 1104 1478 praedicati

252 1501 329 1566 cnm
351 1481 521 1562 subiecto,
549 1505 614 1552 non
639 1483 757 1549 iccirco
774 1481 954 1570 propositio
973 1502 1046 1546 una
1061 1503 1102 1549 ex

253 1571 506 1653 contradictoriis
527 1593 611 1638 nera
640 1590 711 1649 est,
739 1573 812 1660 quia
833 1567 939 1652 alteri·
957 1589 1103 1636 contra-

254 1657 331 1727 dicit
349 1705 359 1740 ,
384 1660 439 1726 sed
452 1661 524 1744 qnia
538 1660 754 1746 praedicatum
767 1657 918 1724 convenit
932 1656 1100 1726 subiecto.

255 1743 343 1836 Ergo
372 1747 403 1810 vi
432 1750 690 1814 contradictionis
707 1767 826 1833 neutra!
841 1748 1031 1837 propositio
1056 1763 1104 1815 est

257 1833 384 1906 definite
411 1858 486 1902 veta
511 1855 566 1902 ant
587 1837 715 1904 definite
738 1836 827 1903 farsa.

256 2067 275 2100 ,s
301 1954 623 2080 ootnrnrt'rt
652 1961 1058 2082 onracrtottrts.

322 2181 489 2254 Obiect.'t.
500 2188 736 2278 Propositioncs
744 2187 1014 2258 contradictoriae
1026 2205 1106 2253 sunt

256 2273 333 2342 istae
350 2277 390 2342 de
406 2274 514 2342 futuro
528 2280 752 2370 contingenti,
773 2303 804 2346 v.
825 2301 854 2368 g.
877 2276 1003 2342 Petrus
1022 2301 1108 2346 cras

251 2369 408 2454 peccabit
424 2393 434 2428 .-
462 2365 584 2433 Petrus
596 2392 672 2434 cras
686 2367 934 2457 nonpeccaotm
965 2365 1026 2430 sed
1043 2366 1108 2432 hu-

256 2452 394 2519 iusmodi
407 2458 643 2542 propositiones
656 2480 720 2523 non
733 2471 904 2522 suntretae
916 2469 972 2519 aut
984 2451 1109 2532 falsae,

254 2562 354 2626 quum
377 2539 486 2604 harum
513 2546 625 2628 veritas
649 2545 820 2633 pendeata
841 2541 942 2608 libero
963 2539 1109 2608 arbitrio

256 2627 340 2696 Petri
351 2652 361 2705 ;
375 2651 450 2718 ergo
460 2629 536 2696 salsa
547 2652 595 2698 est
604 2637 779 2700 conclusio.
791 2632 894 2720 Resp.
906 2628 984 2694 dist.
997 2633 1086 2696 min.
1098 2676 1109 2711 ,

254 2717 435 2805 propositio
462 2723 647 2810 contingens
670 2745 735 2788 non
764 2737 813 2790 est
843 2718 1023 2785 necessario
1041 2743 1110 2786 ve-

256 2826 290 2877 ta
304 2826 362 2872 nec
377 2809 555 2894 necessario
571 2811 676 2893 t'nlsa,
698 2810 739 2878 C.
765 2810 839 2878 min.
851 2851 871 2891 ,ι
891 2826 1022 2874 necesse
1033 2830 1110 2872 non
