<?xml version="1.0" encoding="UTF-8"?>
<!DOCTYPE html PUBLIC "-//W3C//DTD XHTML 1.0 Transitional//EN"
    "http://www.w3.org/TR/xhtml1/DTD/xhtml1-transitional.dtd">
<html xmlns="http://www.w3.org/1999/xhtml" xml:lang="en" lang="en">
 <head>
  <title>
</title>
<meta http-equiv="Content-Type" content="text/html;charset=utf-8" />
  <meta name='ocr-system' content='tesseract 3.04.00' />
  <meta name='ocr-capabilities' content='ocr_page ocr_carea ocr_par ocr_line ocrx_word'/>
</head>
<body>
  <div class='ocr_page' id='page_1' title='image "./institutionesph00jacqgoog_0436.png"; bbox 0 0 2298 3418; ppageno 0'>
   <div class='ocr_carea' id='block_1_1' title="bbox 1 100 979 1338">
    <p class='ocr_par' dir='ltr' id='par_1_1' title="bbox 1 100 979 1338">
     <span class='ocr_line' id='line_1_1' title="bbox 284 100 979 202; baseline 0.004 -28"><span class='ocrx_word' id='word_1_1' title='bbox 284 102 431 194; x_wconf 68' lang='lat' dir='ltr'>anns‘tr&#39;</span> <span class='ocrx_word' id='word_1_2' title='bbox 448 100 615 191; x_wconf 65' lang='lat' dir='ltr'>uirilem</span> <span class='ocrx_word' id='word_1_3' title='bbox 630 106 705 202; x_wconf 61' lang='lat' dir='ltr'>city.</span> <span class='ocrx_word' id='word_1_4' title='bbox 727 125 755 172; x_wconf 89' lang='lat' dir='ltr'>t.</span> <span class='ocrx_word' id='word_1_5' title='bbox 822 170 826 183; x_wconf 79' lang='grc'>,</span> <span class='ocrx_word' id='word_1_6' title='bbox 887 111 979 202; x_wconf 61' lang='lat' dir='ltr'>[ap.</span> 
     </span>
     <span class='ocr_line' id='line_1_2' title="bbox 2 185 972 286; baseline 0.002 -22"><span class='ocrx_word' id='word_1_7' title='bbox 2 270 7 276; x_wconf 54' lang='grc'><strong>,</strong></span> <span class='ocrx_word' id='word_1_8' title='bbox 72 194 231 264; x_wconf 74' lang='lat' dir='ltr'>omnibus</span> <span class='ocrx_word' id='word_1_9' title='bbox 246 185 440 264; x_wconf 79' lang='lat' dir='ltr'>casibus&#39;au&#39;t</span> <span class='ocrx_word' id='word_1_10' title='bbox 455 193 572 264; x_wconf 85' lang='lat' dir='ltr'>morbis¹</span> <span class='ocrx_word' id='word_1_11' title='bbox 590 203 653 284; x_wconf 81' lang='lat' dir='ltr'>npn</span> <span class='ocrx_word' id='word_1_12' title='bbox 670 200 737 286; x_wconf 88' lang='lat' dir='ltr'>ipsa</span> <span class='ocrx_word' id='word_1_13' title='bbox 753 191 838 261; x_wconf 82' lang='lat' dir='ltr'>metl&#39;s</span> <span class='ocrx_word' id='word_1_14' title='bbox 851 185 972 266; x_wconf 71' lang='lat' dir='ltr'>sdd&#39;ee·</span> 
     </span>
     <span class='ocr_line' id='line_1_3' title="bbox 25 283 971 374; baseline 0.003 -23"><span class='ocrx_word' id='word_1_15' title='bbox 25 299 29 326; x_wconf 80' lang='lat'>‘-</span> <span class='ocrx_word' id='word_1_16' title='bbox 59 285 213 352; x_wconf 82' lang='lat' dir='ltr'>-rebrum</span> <span class='ocrx_word' id='word_1_17' title='bbox 227 285 390 352; x_wconf 77' lang='lat' dir='ltr'><strong>curatione</strong></span> <span class='ocrx_word' id='word_1_18' title='bbox 402 285 532 374; x_wconf 83' lang='lat' dir='ltr'><strong>indiget.</strong></span> <span class='ocrx_word' id='word_1_19' title='bbox 548 283 620 352; x_wconf 87' lang='lat' dir='ltr'>Nec</span> <span class='ocrx_word' id='word_1_20' title='bbox 636 284 810 351; x_wconf 82' lang='lat' dir='ltr'>substantia¹</span> <span class='ocrx_word' id='word_1_21' title='bbox 822 287 971 374; x_wconf 74' lang='lat' dir='ltr'>spiritua·</span> 
     </span>
     <span class='ocr_line' id='line_1_4' title="bbox 1 365 972 463; baseline 0.006 -25"><span class='ocrx_word' id='word_1_22' title='bbox 1 389 3 404; x_wconf 57' lang='lat'><em>*</em></span> <span class='ocrx_word' id='word_1_23' title='bbox 80 375 120 438; x_wconf 88' lang='lat' dir='ltr'>lis</span> <span class='ocrx_word' id='word_1_24' title='bbox 132 377 203 439; x_wconf 85' lang='lat' dir='ltr'>istas</span> <span class='ocrx_word' id='word_1_25' title='bbox 218 375 249 436; x_wconf 93' lang='lat' dir='ltr'>in</span> <span class='ocrx_word' id='word_1_26' title='bbox 264 391 305 438; x_wconf 55' lang='lat' dir='ltr'>re*</span> <span class='ocrx_word' id='word_1_27' title='bbox 315 365 384 463; x_wconf 81' lang='lat' dir='ltr'>ip&#39;s&#39;a</span> <span class='ocrx_word' id='word_1_28' title='bbox 398 367 520 462; x_wconf 85' lang='lat' dir='ltr'>&#39;patitur</span> <span class='ocrx_word' id='word_1_29' title='bbox 531 372 770 454; x_wconf 71' lang='lat' dir='ltr'>vicissitudines,</span> <span class='ocrx_word' id='word_1_30' title='bbox 782 366 834 460; x_wconf 83' lang='lat' dir='ltr'>sed</span> <span class='ocrx_word' id='word_1_31' title='bbox 848 382 972 463; x_wconf 63' lang='lat' dir='ltr'>rjantum</span> 
     </span>
     <span class='ocr_line' id='line_1_5' title="bbox 1 465 972 554; baseline 0.002 -26"><span class='ocrx_word' id='word_1_32' title='bbox 1 477 2 483; x_wconf 74' lang='grc'>’</span> <span class='ocrx_word' id='word_1_33' title='bbox 85 473 219 552; x_wconf 78' lang='lat' dir='ltr'>&#39;propter</span> <span class='ocrx_word' id='word_1_34' title='bbox 239 483 327 527; x_wconf 90' lang='lat' dir='ltr'>suam</span> <span class='ocrx_word' id='word_1_35' title='bbox 342 467 420 527; x_wconf 78' lang='lat' dir='ltr'>&#39;curn</span> <span class='ocrx_word' id='word_1_36' title='bbox 438 483 575 554; x_wconf 88' lang='lat' dir='ltr'>corpore</span> <span class='ocrx_word' id='word_1_37' title='bbox 596 465 849 542; x_wconf 82' lang='lat' dir='ltr'>connexionem,</span> <span class='ocrx_word' id='word_1_38' title='bbox 874 482 972 552; x_wconf 86' lang='lat' dir='ltr'>aquo</span> 
     </span>
     <span class='ocr_line' id='line_1_6' title="bbox 79 549 972 644; baseline 0.004 -28"><span class='ocrx_word' id='word_1_39' title='bbox 79 551 203 638; x_wconf 89' lang='lat' dir='ltr'>&#39;pendet</span> <span class='ocrx_word' id='word_1_40' title='bbox 227 567 388 638; x_wconf 87' lang='lat' dir='ltr'>tamquam</span> <span class='ocrx_word' id='word_1_41' title='bbox 420 552 460 616; x_wconf 87' lang='lat' dir='ltr'>ab</span> <span class='ocrx_word' id='word_1_42' title='bbox 483 551 692 617; x_wconf 85' lang='lat' dir='ltr'>instrumento</span> <span class='ocrx_word' id='word_1_43' title='bbox 705 549 866 644; x_wconf 76' lang='lat' dir='ltr'>cogitandi</span> <span class='ocrx_word' id='word_1_44' title='bbox 891 554 972 621; x_wconf 81' lang='lat' dir='ltr'>male</span> 
     </span>
     <span class='ocr_line' id='line_1_7' title="bbox 85 636 975 727; baseline 0.003 -22"><span class='ocrx_word' id='word_1_45' title='bbox 85 636 227 717; x_wconf 82' lang='lat' dir='ltr'>affecr03</span> <span class='ocrx_word' id='word_1_46' title='bbox 245 641 325 705; x_wconf 89' lang='lat' dir='ltr'>sicut</span> <span class='ocrx_word' id='word_1_47' title='bbox 346 637 410 707; x_wconf 86' lang='lat' dir='ltr'>fere</span> <span class='ocrx_word' id='word_1_48' title='bbox 425 661 534 704; x_wconf 88' lang='lat' dir='ltr'>manus</span> <span class='ocrx_word' id='word_1_49' title='bbox 551 639 713 706; x_wconf 77' lang='lat' dir='ltr'>scribentis</span> <span class='ocrx_word' id='word_1_50' title='bbox 728 639 844 727; x_wconf 88' lang='lat' dir='ltr'>pendet</span> <span class='ocrx_word' id='word_1_51' title='bbox 862 641 975 708; x_wconf 80' lang='lat' dir='ltr'>aritio</span> 
     </span>
     <span class='ocr_line' id='line_1_8' title="bbox 85 727 977 832; baseline 0.002 -40"><span class='ocrx_word' id='word_1_52' title='bbox 85 727 350 816; x_wconf 62' lang='lat' dir='ltr'>aor&#39;perlectione</span> <span class='ocrx_word' id='word_1_53' title='bbox 364 729 483 794; x_wconf 80' lang='lat' dir='ltr'>calami.</span> <span class='ocrx_word' id='word_1_54' title='bbox 501 728 708 832; x_wconf 74' lang='lat' dir='ltr'>Quapropter</span> <span class='ocrx_word' id='word_1_55' title='bbox 720 735 833 794; x_wconf 86' lang='lat' dir='ltr'>mensa</span> <span class='ocrx_word' id='word_1_56' title='bbox 848 743 977 816; x_wconf 85' lang='lat' dir='ltr'>corpo-</span> 
     </span>
     <span class='ocr_line' id='line_1_9' title="bbox 85 816 976 908; baseline 0.007 -29"><span class='ocrx_word' id='word_1_57' title='bbox 85 819 236 883; x_wconf 86' lang='lat' dir='ltr'>resoluta</span> <span class='ocrx_word' id='word_1_58' title='bbox 261 838 319 882; x_wconf 90' lang='lat' dir='ltr'>nec</span> <span class='ocrx_word' id='word_1_59' title='bbox 333 817 393 882; x_wconf 90' lang='lat' dir='ltr'>iam</span> <span class='ocrx_word' id='word_1_60' title='bbox 408 818 529 906; x_wconf 79' lang='lat' dir='ltr'>organis</span> <span class='ocrx_word' id='word_1_61' title='bbox 557 831 620 883; x_wconf 89' lang='lat' dir='ltr'>etus</span> <span class='ocrx_word' id='word_1_62' title='bbox 642 816 810 895; x_wconf 78' lang='lat' dir='ltr'>obnoxia,</span> <span class='ocrx_word' id='word_1_63' title='bbox 838 831 976 908; x_wconf 75' lang='lat' dir='ltr'>prorsus¹</span> 
     </span>
     <span class='ocr_line' id='line_1_10' title="bbox 82 899 839 972; baseline 0.001 -4"><span class='ocrx_word' id='word_1_64' title='bbox 82 903 231 970; x_wconf 89' lang='lat' dir='ltr'>immunis</span> <span class='ocrx_word' id='word_1_65' title='bbox 247 899 306 972; x_wconf 84' lang='lat' dir='ltr'>erit</span> <span class='ocrx_word' id='word_1_66' title='bbox 321 903 360 970; x_wconf 91' lang='lat' dir='ltr'>ab</span> <span class='ocrx_word' id='word_1_67' title='bbox 374 904 433 969; x_wconf 90' lang='lat' dir='ltr'>illis</span> <span class='ocrx_word' id='word_1_68' title='bbox 446 905 674 972; x_wconf 83' lang='lat' dir='ltr'>mutationibus</span> <span class='ocrx_word' id='word_1_69' title='bbox 688 905 839 971; x_wconf 82' lang='lat' dir='ltr'>externis.</span> 
     </span>
     <span class='ocr_line' id='line_1_11' title="bbox 149 989 972 1081; baseline 0.002 -21"><span class='ocrx_word' id='word_1_70' title='bbox 149 993 280 1060; x_wconf 78' lang='lat' dir='ltr'>Obiecr.</span> <span class='ocrx_word' id='word_1_71' title='bbox 294 1013 336 1076; x_wconf 76' lang='grc'>’4.</span> <span class='ocrx_word' id='word_1_72' title='bbox 354 989 427 1081; x_wconf 86' lang='lat' dir='ltr'>Ipsa</span> <span class='ocrx_word' id='word_1_73' title='bbox 441 1015 525 1060; x_wconf 87' lang='lat' dir='ltr'>mens</span> <span class='ocrx_word' id='word_1_74' title='bbox 541 993 822 1058; x_wconf 86' lang='lat' dir='ltr'>hnmanaobnottia</span> <span class='ocrx_word' id='word_1_75' title='bbox 832 995 972 1062; x_wconf 85' lang='lat' dir='ltr'>estinntt·</span> 
     </span>
     <span class='ocr_line' id='line_1_12' title="bbox 83 1079 972 1170; baseline 0.007 -28"><span class='ocrx_word' id='word_1_76' title='bbox 83 1081 180 1145; x_wconf 91' lang='lat' dir='ltr'>meris</span> <span class='ocrx_word' id='word_1_77' title='bbox 192 1079 427 1160; x_wconf 87' lang='lat' dir='ltr'>mutationibus;</span> <span class='ocrx_word' id='word_1_78' title='bbox 443 1103 518 1170; x_wconf 75' lang='lat' dir='ltr'>ergo</span> <span class='ocrx_word' id='word_1_79' title='bbox 533 1083 715 1148; x_wconf 86' lang='lat' dir='ltr'>naturaliter</span> <span class='ocrx_word' id='word_1_80' title='bbox 727 1083 849 1148; x_wconf 87' lang='lat' dir='ltr'>interire</span> <span class='ocrx_word' id='word_1_81' title='bbox 865 1082 972 1150; x_wconf 82' lang='lat' dir='ltr'>debet.</span> 
     </span>
     <span class='ocr_line' id='line_1_13' title="bbox 75 1167 972 1258; baseline 0.009 -28"><span class='ocrx_word' id='word_1_82' title='bbox 75 1167 189 1258; x_wconf 88' lang='lat' dir='ltr'>·Resp.</span> <span class='ocrx_word' id='word_1_83' title='bbox 208 1170 280 1234; x_wconf 89' lang='lat' dir='ltr'>dist.</span> <span class='ocrx_word' id='word_1_84' title='bbox 294 1184 358 1234; x_wconf 82' lang='lat' dir='ltr'>ant.</span> <span class='ocrx_word' id='word_1_85' title='bbox 369 1170 508 1236; x_wconf 85' lang='lat' dir='ltr'>obnoxia</span> <span class='ocrx_word' id='word_1_86' title='bbox 521 1171 804 1236; x_wconf 89' lang='lat' dir='ltr'>estmutationibus</span> <span class='ocrx_word' id='word_1_87' title='bbox 820 1171 972 1238; x_wconf 76' lang='lat' dir='ltr'>acciden-</span> 
     </span>
     <span class='ocr_line' id='line_1_14' title="bbox 79 1255 974 1338; baseline 0.007 -17"><span class='ocrx_word' id='word_1_88' title='bbox 79 1255 225 1335; x_wconf 70' lang='lat' dir='ltr'>talibus,</span> <span class='ocrx_word' id='word_1_89' title='bbox 242 1257 282 1322; x_wconf 90' lang='lat' dir='ltr'>C.</span> <span class='ocrx_word' id='word_1_90' title='bbox 301 1273 363 1324; x_wconf 89' lang='lat' dir='ltr'>ant.</span> <span class='ocrx_word' id='word_1_91' title='bbox 370 1257 690 1338; x_wconf 78' lang='lat' dir='ltr'>,substantialibur,</span> <span class='ocrx_word' id='word_1_92' title='bbox 705 1261 750 1326; x_wconf 87' lang='lat' dir='ltr'>N.</span> <span class='ocrx_word' id='word_1_93' title='bbox 763 1279 827 1324; x_wconf 88' lang='lat' dir='ltr'>ant.</span> <span class='ocrx_word' id='word_1_94' title='bbox 842 1277 974 1327; x_wconf 83' lang='lat' dir='ltr'>etcons.</span> 
     </span>
    </p>
   </div>
   <div class='ocr_carea' id='block_1_2' title="bbox 77 1343 974 1702">
    <p class='ocr_par' dir='ltr' id='par_1_2' title="bbox 77 1343 974 1702">
     <span class='ocr_line' id='line_1_15' title="bbox 84 1343 973 1436; baseline 0.006 -27"><span class='ocrx_word' id='word_1_95' title='bbox 84 1343 130 1409; x_wconf 89' lang='lat' dir='ltr'>Et</span> <span class='ocrx_word' id='word_1_96' title='bbox 142 1345 274 1436; x_wconf 86' lang='lat' dir='ltr'>quidem</span> <span class='ocrx_word' id='word_1_97' title='bbox 298 1363 384 1413; x_wconf 89' lang='lat' dir='ltr'>rnens</span> <span class='ocrx_word' id='word_1_98' title='bbox 401 1346 539 1412; x_wconf 83' lang='lat' dir='ltr'>obnoxia</span> <span class='ocrx_word' id='word_1_99' title='bbox 553 1367 600 1414; x_wconf 88' lang='lat' dir='ltr'>est</span> <span class='ocrx_word' id='word_1_100' title='bbox 615 1349 707 1414; x_wconf 85' lang='lat' dir='ltr'>variis</span> <span class='ocrx_word' id='word_1_101' title='bbox 732 1347 973 1430; x_wconf 83' lang='lat' dir='ltr'>mutationibus,</span> 
     </span>
     <span class='ocr_line' id='line_1_16' title="bbox 82 1433 973 1526; baseline 0.008 -31"><span class='ocrx_word' id='word_1_102' title='bbox 82 1433 158 1520; x_wconf 85' lang='lat' dir='ltr'>qnia</span> <span class='ocrx_word' id='word_1_103' title='bbox 172 1456 276 1523; x_wconf 84' lang='lat' dir='ltr'>capax</span> <span class='ocrx_word' id='word_1_104' title='bbox 294 1456 341 1502; x_wconf 89' lang='lat' dir='ltr'>est</span> <span class='ocrx_word' id='word_1_105' title='bbox 358 1436 548 1502; x_wconf 85' lang='lat' dir='ltr'>diversarum</span> <span class='ocrx_word' id='word_1_106' title='bbox 563 1437 782 1526; x_wconf 85' lang='lat' dir='ltr'>operationum</span> <span class='ocrx_word' id='word_1_107' title='bbox 799 1454 830 1504; x_wconf 89' lang='lat' dir='ltr'>et</span> <span class='ocrx_word' id='word_1_108' title='bbox 843 1439 973 1503; x_wconf 77' lang='lat' dir='ltr'>modist-</span> 
     </span>
     <span class='ocr_line' id='line_1_17' title="bbox 82 1523 972 1601; baseline 0.004 -15"><span class='ocrx_word' id='word_1_109' title='bbox 82 1523 267 1601; x_wconf 79' lang='lat' dir='ltr'>cationum3</span> <span class='ocrx_word' id='word_1_110' title='bbox 284 1524 340 1591; x_wconf 90' lang='lat' dir='ltr'>sed</span> <span class='ocrx_word' id='word_1_111' title='bbox 356 1525 426 1591; x_wconf 85' lang='lat' dir='ltr'>illae</span> <span class='ocrx_word' id='word_1_112' title='bbox 440 1527 627 1591; x_wconf 88' lang='lat' dir='ltr'>mutationes</span> <span class='ocrx_word' id='word_1_113' title='bbox 639 1543 711 1590; x_wconf 89' lang='lat' dir='ltr'>sunt</span> <span class='ocrx_word' id='word_1_114' title='bbox 725 1547 807 1590; x_wconf 91' lang='lat' dir='ltr'>mere</span> <span class='ocrx_word' id='word_1_115' title='bbox 826 1523 972 1590; x_wconf 84' lang='lat' dir='ltr'>acciden·</span> 
     </span>
     <span class='ocr_line' id='line_1_18' title="bbox 77 1611 974 1702; baseline 0.006 -29"><span class='ocrx_word' id='word_1_116' title='bbox 77 1611 187 1690; x_wconf 79' lang='lat' dir='ltr'>‘tales3</span> <span class='ocrx_word' id='word_1_117' title='bbox 204 1613 328 1702; x_wconf 89' lang='lat' dir='ltr'>quippe</span> <span class='ocrx_word' id='word_1_118' title='bbox 343 1614 516 1678; x_wconf 87' lang='lat' dir='ltr'>substantia</span> <span class='ocrx_word' id='word_1_119' title='bbox 536 1613 654 1680; x_wconf 84' lang='lat' dir='ltr'>animae</span> <span class='ocrx_word' id='word_1_120' title='bbox 671 1615 770 1690; x_wconf 71' lang='lat' dir='ltr'>sarias</span> <span class='ocrx_word' id='word_1_121' title='bbox 785 1631 815 1679; x_wconf 90' lang='lat' dir='ltr'>et</span> <span class='ocrx_word' id='word_1_122' title='bbox 832 1615 974 1702; x_wconf 85' lang='lat' dir='ltr'>opposi-</span> 
     </span>
    </p>
   </div>
   <div class='ocr_carea' id='block_1_3' title="bbox 53 1702 976 3118">
    <p class='ocr_par' dir='ltr' id='par_1_3' title="bbox 53 1702 976 3118">
     <span class='ocr_line' id='line_1_19' title="bbox 81 1702 973 1791; baseline 0.006 -27"><span class='ocrx_word' id='word_1_123' title='bbox 81 1715 131 1764; x_wconf 87' lang='lat' dir='ltr'>tas</span> <span class='ocrx_word' id='word_1_124' title='bbox 144 1703 313 1788; x_wconf 74' lang='lat' dir='ltr'>suscipiens</span> <span class='ocrx_word' id='word_1_125' title='bbox 325 1703 582 1780; x_wconf 81' lang='lat' dir='ltr'>modificationes,</span> <span class='ocrx_word' id='word_1_126' title='bbox 596 1704 663 1791; x_wconf 86' lang='lat' dir='ltr'>ipsa</span> <span class='ocrx_word' id='word_1_127' title='bbox 677 1702 803 1790; x_wconf 88' lang='lat' dir='ltr'>quidem</span> <span class='ocrx_word' id='word_1_128' title='bbox 819 1719 973 1786; x_wconf 88' lang='lat' dir='ltr'>mutatur,</span> 
     </span>
     <span class='ocr_line' id='line_1_20' title="bbox 76 1788 972 1877; baseline 0.008 -25"><span class='ocrx_word' id='word_1_129' title='bbox 76 1788 144 1854; x_wconf 76' lang='lat' dir='ltr'>²sed</span> <span class='ocrx_word' id='word_1_130' title='bbox 155 1807 254 1854; x_wconf 88' lang='lat' dir='ltr'>totam</span> <span class='ocrx_word' id='word_1_131' title='bbox 270 1790 316 1854; x_wconf 88' lang='lat' dir='ltr'>sui</span> <span class='ocrx_word' id='word_1_132' title='bbox 331 1790 490 1862; x_wconf 81' lang='lat' dir='ltr'>essentiam</span> <span class='ocrx_word' id='word_1_133' title='bbox 506 1811 626 1877; x_wconf 89' lang='lat' dir='ltr'>semper</span> <span class='ocrx_word' id='word_1_134' title='bbox 641 1794 763 1857; x_wconf 86' lang='lat' dir='ltr'>retinet.</span> <span class='ocrx_word' id='word_1_135' title='bbox 791 1789 972 1872; x_wconf 84' lang='lat' dir='ltr'>Praeterea,</span> 
     </span>
     <span class='ocr_line' id='line_1_21' title="bbox 78 1877 972 1967; baseline 0.009 -29"><span class='ocrx_word' id='word_1_136' title='bbox 78 1878 176 1961; x_wconf 68' lang='lat' dir='ltr'>‘quod</span> <span class='ocrx_word' id='word_1_137' title='bbox 193 1879 359 1967; x_wconf 83' lang='lat' dir='ltr'>diiigenter</span> <span class='ocrx_word' id='word_1_138' title='bbox 383 1877 692 1946; x_wconf 87' lang='lat' dir='ltr'>animadvertendum</span> <span class='ocrx_word' id='word_1_139' title='bbox 714 1897 789 1959; x_wconf 91' lang='lat' dir='ltr'>est,</span> <span class='ocrx_word' id='word_1_140' title='bbox 811 1879 972 1946; x_wconf 89' lang='lat' dir='ltr'>modifica·</span> 
     </span>
     <span class='ocr_line' id='line_1_22' title="bbox 75 1965 973 2055; baseline 0.009 -28"><span class='ocrx_word' id='word_1_141' title='bbox 75 1965 191 2032; x_wconf 57' lang='lat' dir='ltr'>&#39;tiones</span> <span class='ocrx_word' id='word_1_142' title='bbox 214 1972 403 2055; x_wconf 87' lang='lat' dir='ltr'>oppositae,</span> <span class='ocrx_word' id='word_1_143' title='bbox 419 1968 586 2033; x_wconf 81' lang='lat' dir='ltr'>volitiones</span> <span class='ocrx_word' id='word_1_144' title='bbox 601 1969 715 2033; x_wconf 86' lang='lat' dir='ltr'>scilicet</span> <span class='ocrx_word' id='word_1_145' title='bbox 737 1987 767 2035; x_wconf 90' lang='lat' dir='ltr'>et</span> <span class='ocrx_word' id='word_1_146' title='bbox 790 1970 973 2049; x_wconf 86' lang='lat' dir='ltr'>nolitiones,</span> 
     </span>
     <span class='ocr_line' id='line_1_23' title="bbox 79 2055 974 2138; baseline 0.009 -20"><span class='ocrx_word' id='word_1_147' title='bbox 79 2071 177 2119; x_wconf 81' lang='lat' dir='ltr'>&#39;antor</span> <span class='ocrx_word' id='word_1_148' title='bbox 191 2073 222 2120; x_wconf 89' lang='lat' dir='ltr'>et</span> <span class='ocrx_word' id='word_1_149' title='bbox 237 2055 344 2120; x_wconf 91' lang='lat' dir='ltr'>odium</span> <span class='ocrx_word' id='word_1_150' title='bbox 357 2055 413 2121; x_wconf 84' lang='lat' dir='ltr'>sibi</span> <span class='ocrx_word' id='word_1_151' title='bbox 428 2057 602 2138; x_wconf 84' lang='lat' dir='ltr'>succedunt</span> <span class='ocrx_word' id='word_1_152' title='bbox 619 2056 649 2121; x_wconf 91' lang='lat' dir='ltr'>itt</span> <span class='ocrx_word' id='word_1_153' title='bbox 662 2055 769 2122; x_wconf 87' lang='lat' dir='ltr'>eadem</span> <span class='ocrx_word' id='word_1_154' title='bbox 780 2055 899 2137; x_wconf 87' lang='lat' dir='ltr'>anima,</span> <span class='ocrx_word' id='word_1_155' title='bbox 914 2055 974 2126; x_wconf 84' lang='lat' dir='ltr'>sed</span> 
     </span>
     <span class='ocr_line' id='line_1_24' title="bbox 72 2140 973 2234; baseline 0.007 -28"><span class='ocrx_word' id='word_1_156' title='bbox 72 2140 149 2210; x_wconf 72' lang='lat' dir='ltr'>sine</span> <span class='ocrx_word' id='word_1_157' title='bbox 163 2143 230 2208; x_wconf 88' lang='lat' dir='ltr'>ttlla</span> <span class='ocrx_word' id='word_1_158' title='bbox 241 2143 390 2212; x_wconf 89' lang='lat' dir='ltr'>divisione</span> <span class='ocrx_word' id='word_1_159' title='bbox 406 2161 436 2211; x_wconf 89' lang='lat' dir='ltr'>er</span> <span class='ocrx_word' id='word_1_160' title='bbox 452 2144 651 2234; x_wconf 84' lang='lat' dir='ltr'>separatione</span> <span class='ocrx_word' id='word_1_161' title='bbox 667 2147 844 2234; x_wconf 89' lang='lat' dir='ltr'>partiumin</span> <span class='ocrx_word' id='word_1_162' title='bbox 862 2143 973 2213; x_wconf 85' lang='lat' dir='ltr'>subie-</span> 
     </span>
     <span class='ocr_line' id='line_1_25' title="bbox 72 2232 972 2320; baseline 0.002 -24"><span class='ocrx_word' id='word_1_163' title='bbox 72 2247 149 2296; x_wconf 74' lang='lat' dir='ltr'>cto.</span> <span class='ocrx_word' id='word_1_164' title='bbox 176 2234 221 2297; x_wconf 77' lang='lat' dir='ltr'>rit</span> <span class='ocrx_word' id='word_1_165' title='bbox 235 2234 482 2299; x_wconf 85' lang='lat' dir='ltr'>modificationes</span> <span class='ocrx_word' id='word_1_166' title='bbox 503 2232 670 2320; x_wconf 90' lang='lat' dir='ltr'>corporis,</span> <span class='ocrx_word' id='word_1_167' title='bbox 693 2233 844 2320; x_wconf 87' lang='lat' dir='ltr'>quaesibi</span> <span class='ocrx_word' id='word_1_168' title='bbox 863 2239 972 2298; x_wconf 81' lang='lat' dir='ltr'>succe-</span> 
     </span>
     <span class='ocr_line' id='line_1_26' title="bbox 74 2317 971 2408; baseline 0.003 -24"><span class='ocrx_word' id='word_1_169' title='bbox 74 2320 168 2385; x_wconf 79' lang='lat' dir='ltr'>=dunt</span> <span class='ocrx_word' id='word_1_170' title='bbox 189 2319 221 2384; x_wconf 86' lang='lat' dir='ltr'>ln</span> <span class='ocrx_word' id='word_1_171' title='bbox 238 2321 351 2386; x_wconf 85' lang='lat' dir='ltr'>eodem</span> <span class='ocrx_word' id='word_1_172' title='bbox 375 2321 540 2398; x_wconf 87' lang='lat' dir='ltr'>subiecto,</span> <span class='ocrx_word' id='word_1_173' title='bbox 566 2322 659 2408; x_wconf 84' lang='lat' dir='ltr'>longe</span> <span class='ocrx_word' id='word_1_174' title='bbox 672 2323 760 2386; x_wconf 89' lang='lat' dir='ltr'>aliter</span> <span class='ocrx_word' id='word_1_175' title='bbox 786 2343 817 2386; x_wconf 93' lang='lat' dir='ltr'>se</span> <span class='ocrx_word' id='word_1_176' title='bbox 841 2317 971 2387; x_wconf 83' lang='lat' dir='ltr'>habent.</span> 
     </span>
     <span class='ocr_line' id='line_1_27' title="bbox 83 2405 973 2498; baseline 0.002 -24"><span class='ocrx_word' id='word_1_177' title='bbox 83 2405 188 2498; x_wconf 84' lang='lat' dir='ltr'>l&#39;girur</span> <span class='ocrx_word' id='word_1_178' title='bbox 208 2407 349 2476; x_wconf 84' lang='lat' dir='ltr'>diversae</span> <span class='ocrx_word' id='word_1_179' title='bbox 371 2427 402 2480; x_wconf 89' lang='lat' dir='ltr'>et</span> <span class='ocrx_word' id='word_1_180' title='bbox 422 2410 590 2498; x_wconf 85' lang='lat' dir='ltr'>oppositae</span> <span class='ocrx_word' id='word_1_181' title='bbox 608 2409 853 2475; x_wconf 80' lang='lat' dir='ltr'>modificationes</span> <span class='ocrx_word' id='word_1_182' title='bbox 865 2457 876 2488; x_wconf 91' lang='lat'>,</span> <span class='ocrx_word' id='word_1_183' title='bbox 890 2431 973 2496; x_wconf 79' lang='lat' dir='ltr'>quae</span> 
     </span>
     <span class='ocr_line' id='line_1_28' title="bbox 74 2494 973 2588; baseline 0.002 -27"><span class='ocrx_word' id='word_1_184' title='bbox 74 2511 225 2585; x_wconf 82' lang='lat' dir='ltr'>&#39;possunt</span> <span class='ocrx_word' id='word_1_185' title='bbox 247 2513 369 2564; x_wconf 87' lang='lat' dir='ltr'>mutare</span> <span class='ocrx_word' id='word_1_186' title='bbox 396 2498 599 2565; x_wconf 84' lang='lat' dir='ltr'>substantiam</span> <span class='ocrx_word' id='word_1_187' title='bbox 626 2499 754 2588; x_wconf 86' lang='lat' dir='ltr'>ipsam,</span> <span class='ocrx_word' id='word_1_188' title='bbox 782 2515 812 2563; x_wconf 88' lang='lat' dir='ltr'>et</span> <span class='ocrx_word' id='word_1_189' title='bbox 843 2494 973 2564; x_wconf 85' lang='lat' dir='ltr'>subiecti</span> 
     </span>
     <span class='ocr_line' id='line_1_29' title="bbox 75 2584 976 2676; baseline 0.002 -26"><span class='ocrx_word' id='word_1_190' title='bbox 75 2584 234 2673; x_wconf 75' lang='lat' dir='ltr'>corporei</span> <span class='ocrx_word' id='word_1_191' title='bbox 250 2587 409 2652; x_wconf 88' lang='lat' dir='ltr'>interitum</span> <span class='ocrx_word' id='word_1_192' title='bbox 424 2589 591 2676; x_wconf 86' lang='lat' dir='ltr'>importare</span> <span class='ocrx_word' id='word_1_193' title='bbox 610 2632 620 2666; x_wconf 88' lang='lat'>,</span> <span class='ocrx_word' id='word_1_194' title='bbox 650 2586 734 2652; x_wconf 84' lang='lat' dir='ltr'>idern</span> <span class='ocrx_word' id='word_1_195' title='bbox 751 2607 814 2652; x_wconf 91' lang='lat' dir='ltr'>nott</span> <span class='ocrx_word' id='word_1_196' title='bbox 837 2603 976 2674; x_wconf 83' lang='lat' dir='ltr'>possunt</span> 
     </span>
     <span class='ocr_line' id='line_1_30' title="bbox 72 2671 975 2767; baseline 0.004 -29"><span class='ocrx_word' id='word_1_197' title='bbox 72 2676 116 2738; x_wconf 74' lang='lat' dir='ltr'>&#39;in</span> <span class='ocrx_word' id='word_1_198' title='bbox 131 2671 550 2767; x_wconf 82' lang='lat' dir='ltr'>substantinmspiritualem¹</span> <span class='ocrx_word' id='word_1_199' title='bbox 560 2696 591 2744; x_wconf 88' lang='lat' dir='ltr'>et</span> <span class='ocrx_word' id='word_1_200' title='bbox 606 2675 780 2765; x_wconf 84' lang='lat' dir='ltr'>simplicem</span> <span class='ocrx_word' id='word_1_201' title='bbox 791 2721 801 2758; x_wconf 90' lang='lat'>,</span> <span class='ocrx_word' id='word_1_202' title='bbox 811 2676 912 2766; x_wconf 75' lang='lat' dir='ltr'>qualis</span> <span class='ocrx_word' id='word_1_203' title='bbox 928 2695 975 2766; x_wconf 81' lang='lat' dir='ltr'>est</span> 
     </span>
     <span class='ocr_line' id='line_1_31' title="bbox 72 2761 969 2839; baseline 0.003 -9"><span class='ocrx_word' id='word_1_204' title='bbox 72 2761 335 2831; x_wconf 67' lang='lat' dir='ltr'>&#39;menshumana</span> <span class='ocrx_word' id='word_1_205' title='bbox 530 2783 534 2792; x_wconf 90' lang='grc'>’</span> <span class='ocrx_word' id='word_1_206' title='bbox 687 2781 707 2800; x_wconf 83' lang='grc'>··</span> <span class='ocrx_word' id='word_1_207' title='bbox 966 2828 969 2839; x_wconf 94' lang='grc'>,</span> 
     </span>
     <span class='ocr_line' id='line_1_32' title="bbox 77 2849 976 2942; baseline -0.004 -26"><span class='ocrx_word' id='word_1_208' title='bbox 77 2860 83 2890; x_wconf 74' lang='grc'>·’</span> <span class='ocrx_word' id='word_1_209' title='bbox 148 2851 277 2918; x_wconf 48' lang='lat' dir='ltr'>¹Obr&#39;ecr.¹</span> <span class='ocrx_word' id='word_1_210' title='bbox 301 2873 331 2942; x_wconf 79' lang='lat'>5.</span> <span class='ocrx_word' id='word_1_211' title='bbox 353 2851 412 2917; x_wconf 84' lang='lat' dir='ltr'>Ex·</span> <span class='ocrx_word' id='word_1_212' title='bbox 426 2851 546 2918; x_wconf 89' lang='lat' dir='ltr'>animae</span> <span class='ocrx_word' id='word_1_213' title='bbox 562 2851 783 2940; x_wconf 76' lang='lat' dir='ltr'>spiritualitate</span> <span class='ocrx_word' id='word_1_214' title='bbox 803 2873 869 2916; x_wconf 91' lang='lat' dir='ltr'>non</span> <span class='ocrx_word' id='word_1_215' title='bbox 883 2849 976 2914; x_wconf 84' lang='lat' dir='ltr'>colli·</span> 
     </span>
     <span class='ocr_line' id='line_1_33' title="bbox 75 2939 976 3029; baseline -0.006 -26"><span class='ocrx_word' id='word_1_216' title='bbox 75 2939 172 3028; x_wconf 64' lang='lat' dir='ltr'>igitur</span> <span class='ocrx_word' id='word_1_217' title='bbox 183 2939 263 3006; x_wconf 89' lang='lat' dir='ltr'>illius</span> <span class='ocrx_word' id='word_1_218' title='bbox 274 2941 489 3007; x_wconf 87' lang='lat' dir='ltr'>immortalitas</span> <span class='ocrx_word' id='word_1_219' title='bbox 505 2966 513 3003; x_wconf 82' lang='lat' dir='ltr'>t</span> <span class='ocrx_word' id='word_1_220' title='bbox 529 2954 605 3029; x_wconf 77' lang='lat' dir='ltr'>ergo</span> <span class='ocrx_word' id='word_1_221' title='bbox 618 2942 704 3005; x_wconf 89' lang='lat' dir='ltr'>nulla</span> <span class='ocrx_word' id='word_1_222' title='bbox 718 2957 791 3006; x_wconf 90' lang='lat' dir='ltr'>suut</span> <span class='ocrx_word' id='word_1_223' title='bbox 804 2953 976 3026; x_wconf 84' lang='lat' dir='ltr'>argumen-¹</span> 
     </span>
     <span class='ocr_line' id='line_1_34' title="bbox 53 3023 976 3118; baseline -0.005 -26"><span class='ocrx_word' id='word_1_224' title='bbox 53 3065 59 3092; x_wconf 21' lang='grc' dir='ltr'>κ.</span> <span class='ocrx_word' id='word_1_225' title='bbox 75 3045 133 3112; x_wconf 66' lang='grc' dir='ltr'>τε,</span> <span class='ocrx_word' id='word_1_226' title='bbox 147 3023 264 3118; x_wconf 80' lang='lat' dir='ltr'>quibus</span> <span class='ocrx_word' id='word_1_227' title='bbox 276 3030 394 3096; x_wconf 87' lang='lat' dir='ltr'>animae</span> <span class='ocrx_word' id='word_1_228' title='bbox 407 3029 675 3096; x_wconf 87' lang='lat' dir='ltr'>immortalitatem</span> <span class='ocrx_word' id='word_1_229' title='bbox 693 3027 906 3094; x_wconf 83' lang='lat' dir='ltr'>demonstrare</span> <span class='ocrx_word' id='word_1_230' title='bbox 918 3045 976 3092; x_wconf 84' lang='lat' dir='ltr'>vu·</span> 
     </span>
    </p>
   </div>
   <div class='ocr_carea' id='block_1_4' title="bbox 0 0 1159 3418">
    <p class='ocr_par' dir='ltr' id='par_1_4' title="bbox 0 0 1159 3418">
     <span class='ocr_line' id='line_1_35' title="bbox 0 0 1159 3418; baseline 0 0"><span class='ocrx_word' id='word_1_231' title='bbox 0 0 1159 3418; x_wconf 95' lang='lat' dir='ltr'> </span> 
     </span>
    </p>
   </div>
  </div>
 </body>
</html>
