2246 3412
140 89 215 156 ³54
372 96 381 110 ·
432 89 617 148 rtrsnruvn.
639 93 779 142 ruraota
816 103 830 114 *¹

145 186 186 256 ge
203 173 371 250 superante
385 175 418 227 et
432 165 498 228 sine
515 163 705 230 revelatione
719 161 877 254 cognosci
890 185 964 230 non
978 181 1062 251 pot-

148 269 251 320 erant.
272 251 335 317 Pro
352 266 490 338 utroque
513 253 681 318 veritatum
705 273 820 343 genere
842 255 1059 321 revelationis

146 339 370 411 necessitarem
384 338 680 407 demonstravimus.

199 465 552 542 -SOLVVNTVR
574 471 991 540 OBIECTIONES.

156 655 160 676 .
214 607 341 674 Obiter.
359 628 389 671 r.
406 605 624 674 Revelarionis
647 607 818 672 necessitas
830 604 1050 674 demonstrari

116 753 119 760 ,
151 697 234 763 solet
247 717 286 762 ex
297 717 418 762 summa
430 697 510 762 inter
521 695 662 761 homines
671 697 762 763 etiam
778 695 1050 763 cultissimosdis·

147 786 258 854 cordia
280 785 362 850 circa
384 786 458 873 legis
483 785 919 873 naturalispraeceptaoAt
949 793 1051 852 multo

147 871 314 940 obscurior
328 893 377 941 est
395 873 547 950 reveiatio
559 919 570 952 ,
584 895 670 962 quae
682 895 751 941 eam
764 890 852 938 certe
867 895 937 938 non
953 873 1051 941 habet

149 963 338 1030 evidentiam
352 1007 362 1040 ‚
378 984 474 1051 quam
489 961 707 1050 praeseferunt
722 962 791 1049 ipsa
806 961 881 1051 legis
895 963 1051 1028 naturalis

135 1052 315 1141 principia.
340 1050 511 1117 Revelatio
537 1051 618 1116 enim
643 1049 745 1118 fallaci
766 1071 919 1116 sensuum
938 1049 1051 1116 facto-

126 1145 128 1152 ’
149 1161 283 1228 rumque
297 1141 478 1206 testimonio
496 1140 602 1206 innixa
617 1159 675 1206 est.
687 1139 754 1206 Lex
768 1156 876 1206 autern
890 1140 1048 1205 naturalis

146 1229 319 1320 purissimo
334 1230 475 1294 innititur
495 1230 620 1292 rationis
636 1228 764 1294 lumine.
779 1228 822 1294 Et
834 1224 971 1314 quidem
985 1229 1049 1292 ad-

146 1319 289 1408 fuigeuts
304 1319 398 1384 etiam
414 1317 616 1383 revelationis
627 1317 703 1398 ¹luce
719 1362 730 1396 ,
746 1331 937 1382 nontamen
953 1316 1050 1381 dissi-

148 1426 245 1498 patae
270 1423 344 1470 sunt
358 1408 545 1494 opinionum
559 1407 733 1473 tenebrata
753 1423 850 1493 atque
868 1402 946 1468 hinc
962 1424 1050 1472 tanta

144 1515 306 1578 ,sectarum
317 1497 464 1562 varietas.
473 1494 578 1564 Vnde
589 1495 633 1560 sic
646 1493 857 1582 argumentari
872 1492 971 1558 iicet:
983 1493 1047 1556 nti-

149 1589 232 1652 nime
245 1586 417 1651 necessaria
429 1602 474 1651 est
486 1585 658 1648 auctoritas
672 1585 722 1647 iila
733 1580 835 1670 ‚quae
849 1582 982 1646 rationis
994 1581 1044 1646 ie-

174 1675 261 1762 isque
271 1672 419 1739 naturalis
433 1672 494 1738 luci
504 1672 580 1738 nihii
590 1671 708 1739 addere
720 1671 944 1759 potesttatqui
958 1673 1002 1735 sic
1013 1691 1045 1738 se

150 1699 249 1832 iabet
273 1765 379 1852 reiigio
395 1762 555 1840 revelarat
570 1783 646 1849 ergo
668 1762 753 1825 nulia
778 1778 825 1826 est
843 1761 1048 1825 revetationis

151 1851 332 1920 necessitas.
348 1851 448 1940 Resp.
462 1851 508 1916 N.
520 1849 593 1916 min.
610 1850 750 1938 Singulas
764 1847 957 1914 obiectionis
972 1869 1050 1934 par·

152 1961 202 2009 tet
229 1937 462 2028 explicabimus.
492 1939 774 2010 Vniversalissima
798 1935 874 2090 lepis
895 1938 1048 2002 naturalis

151 2031 304 2121 principia
331 2027 561 2119 fulgentissimo
581 2027 708 2116 quidem
723 2026 814 2113 spien
840 2041 894 2090 ent
917 2027 1049 2103 iumine,

154 2135 188 2187 et
210 2140 252 2186 ex
278 2117 440 2185 hominum
465 2116 617 2183 cordibus
639 2116 736 2182 deleri
752 2137 815 2178 non
833 2132 983 2202 possunt.
1000 2117 1047 2179 At

144 2207 374 2276 *conclusiones
398 2229 437 2274 ex
453 2206 561 2272 iisdem
578 2204 737 2293 principiis
754 2203 849 2269 etiam
875 2205 1047 2287 proximius

59 2357 62 2364 .
153 2298 310 2366 eruendas
328 2318 395 2362 ¹non
415 2296 517 2360 solum
541 2291 797 2378 concupiscentia
815 2307 847 2386 pt
868 2292 1050 2378 cupiditate

156 2388 213 2455 red
225 2385 397 2476 ignorantia
411 2405 545 2472 quoque
554 2383 713 2468 corrumpi
725 2425 734 2458 ,
745 2379 1050 2446 demonstravimus.

98 2503 101 2508 ·
156 2469 604 2563 iraquefalsumomninoest,
617 2471 813 2536 revelationis
825 2470 1051 2535 auctoritatem

155 2565 239 2648 degis.
258 2563 405 2628 naturaiis
431 2562 536 2628 lumini
554 2559 632 2626 nihii
647 2559 776 2625 addere.
804 2557 930 2623 Etenim
947 2579 1052 2643 quum

156 2650 387 2716 evidentissima
402 2651 463 2715 sint
477 2649 690 2716 credibilitatis
708 2647 843 2723 motiva,
860 2647 929 2731 ipsa
946 2649 1053 2710 moti·

153 2759 272 2806 ¹norunt
289 2739 408 2804 ratione
424 2737 585 2803 evidenter
597 2735 767 2801 credibilia
783 2735 859 2800 fient
880 2735 1054 2800 remotiora

152 2825 234 2912 degis
248 2828 392 2892 naturalis
408 2825 584 2913 princi-pia,
614 2847 749 2912 quorum
764 2823 852 2886 notio
864 2821 1052 2908 cupiditatis

147 2914 212 2975 'net
224 2913 417 2998 ignorantiae
432 2911 567 2978 tenebris
583 2911 783 2977 obscuratur.
802 2911 968 2984 Praeterea
983 2913 1057 2976 reii-

161 2997 287 3088 gionem
302 3017 367 3067 non
378 2999 533 3089 soiuleg‘e
545 3002 680 3070 naturali
690 3001 844 3069 contineri
855 2999 1056 3071 demonstra·

713 3188 719 3216 i
