<?xml version="1.0" encoding="UTF-8"?>
<!DOCTYPE html PUBLIC "-//W3C//DTD XHTML 1.0 Transitional//EN"
    "http://www.w3.org/TR/xhtml1/DTD/xhtml1-transitional.dtd">
<html xmlns="http://www.w3.org/1999/xhtml" xml:lang="en" lang="en">
 <head>
  <title>
</title>
<meta http-equiv="Content-Type" content="text/html;charset=utf-8" />
  <meta name='ocr-system' content='tesseract 3.04.00' />
  <meta name='ocr-capabilities' content='ocr_page ocr_carea ocr_par ocr_line ocrx_word'/>
</head>
<body>
  <div class='ocr_page' id='page_1' title='image "./institutionesph00jacqgoog_0125.png"; bbox 0 0 2258 3428; ppageno 0'>
   <div class='ocr_carea' id='block_1_1' title="bbox 154 193 1077 2380">
    <p class='ocr_par' dir='ltr' id='par_1_1' title="bbox 217 193 817 246">
     <span class='ocr_line' id='line_1_1' title="bbox 217 193 817 246; baseline -0.003 -4"><span class='ocrx_word' id='word_1_1' title='bbox 217 197 276 242; x_wconf 81' lang='lat' dir='ltr'>roz</span> <span class='ocrx_word' id='word_1_2' title='bbox 456 195 653 244; x_wconf 72' lang='lat' dir='ltr'>rrrsrrrvu·</span> <span class='ocrx_word' id='word_1_3' title='bbox 676 193 817 246; x_wconf 78' lang='lat' dir='ltr'>rnrros.</span> 
     </span>
    </p>

    <p class='ocr_par' dir='ltr' id='par_1_2' title="bbox 154 262 1077 2380">
     <span class='ocr_line' id='line_1_2' title="bbox 209 262 1047 355; baseline 0 -25"><span class='ocrx_word' id='word_1_4' title='bbox 209 268 299 355; x_wconf 91' lang='lat' dir='ltr'>pium</span> <span class='ocrx_word' id='word_1_5' title='bbox 337 267 561 343; x_wconf 88' lang='lat' dir='ltr'>ratiocinandi,</span> <span class='ocrx_word' id='word_1_6' title='bbox 602 268 666 332; x_wconf 85' lang='lat' dir='ltr'>sive</span> <span class='ocrx_word' id='word_1_7' title='bbox 704 263 949 350; x_wconf 79' lang='lat' dir='ltr'>dependenter,</span> <span class='ocrx_word' id='word_1_8' title='bbox 984 262 1047 332; x_wconf 84' lang='lat' dir='ltr'>sive</span> 
     </span>
     <span class='ocr_line' id='line_1_3' title="bbox 210 352 1049 441; baseline -0.005 -21"><span class='ocrx_word' id='word_1_9' title='bbox 210 356 305 422; x_wconf 82' lang='lat' dir='ltr'>ctiam</span> <span class='ocrx_word' id='word_1_10' title='bbox 334 355 586 441; x_wconf 82' lang='lat' dir='ltr'>independenter</span> <span class='ocrx_word' id='word_1_11' title='bbox 606 378 624 420; x_wconf 90' lang='lat' dir='ltr'>a</span> <span class='ocrx_word' id='word_1_12' title='bbox 651 355 808 434; x_wconf 84' lang='lat' dir='ltr'>sensibus,</span> <span class='ocrx_word' id='word_1_13' title='bbox 832 352 922 441; x_wconf 93' lang='lat' dir='ltr'>quod</span> <span class='ocrx_word' id='word_1_14' title='bbox 940 354 1049 438; x_wconf 89' lang='lat' dir='ltr'>proin·</span> 
     </span>
     <span class='ocr_line' id='line_1_4' title="bbox 210 441 1048 530; baseline 0 -22"><span class='ocrx_word' id='word_1_15' title='bbox 210 444 251 508; x_wconf 89' lang='lat' dir='ltr'>de</span> <span class='ocrx_word' id='word_1_16' title='bbox 279 465 417 508; x_wconf 83' lang='lat' dir='ltr'>remanet</span> <span class='ocrx_word' id='word_1_17' title='bbox 442 444 473 507; x_wconf 92' lang='lat' dir='ltr'>in</span> <span class='ocrx_word' id='word_1_18' title='bbox 496 445 598 507; x_wconf 83' lang='lat' dir='ltr'>anima</span> <span class='ocrx_word' id='word_1_19' title='bbox 621 467 639 508; x_wconf 88' lang='lat' dir='ltr'>a</span> <span class='ocrx_word' id='word_1_20' title='bbox 661 465 794 529; x_wconf 84' lang='lat' dir='ltr'>corpore</span> <span class='ocrx_word' id='word_1_21' title='bbox 815 457 968 530; x_wconf 84' lang='lat' dir='ltr'>separata.</span> <span class='ocrx_word' id='word_1_22' title='bbox 986 441 1048 508; x_wconf 84' lang='lat' dir='ltr'>Se-</span> 
     </span>
     <span class='ocr_line' id='line_1_5' title="bbox 210 529 1049 608; baseline -0.006 -12"><span class='ocrx_word' id='word_1_23' title='bbox 210 532 351 598; x_wconf 91' lang='lat' dir='ltr'>cundum</span> <span class='ocrx_word' id='word_1_24' title='bbox 376 532 432 596; x_wconf 80' lang='lat' dir='ltr'>nas</span> <span class='ocrx_word' id='word_1_25' title='bbox 459 532 655 598; x_wconf 84' lang='lat' dir='ltr'>definitiones</span> <span class='ocrx_word' id='word_1_26' title='bbox 684 531 848 600; x_wconf 79' lang='lat' dir='ltr'>fatendum</span> <span class='ocrx_word' id='word_1_27' title='bbox 877 547 946 606; x_wconf 87' lang='lat' dir='ltr'>est,</span> <span class='ocrx_word' id='word_1_28' title='bbox 962 529 1049 608; x_wconf 75' lang='lat' dir='ltr'>‚ani-</span> 
     </span>
     <span class='ocr_line' id='line_1_6' title="bbox 211 618 1048 706; baseline -0.004 -23"><span class='ocrx_word' id='word_1_29' title='bbox 211 621 382 686; x_wconf 87' lang='lat' dir='ltr'>malitatem</span> <span class='ocrx_word' id='word_1_30' title='bbox 408 642 461 684; x_wconf 89' lang='lat' dir='ltr'>seu</span> <span class='ocrx_word' id='word_1_31' title='bbox 484 642 603 706; x_wconf 87' lang='lat' dir='ltr'>corpus</span> <span class='ocrx_word' id='word_1_32' title='bbox 622 621 755 686; x_wconf 85' lang='lat' dir='ltr'>hominis</span> <span class='ocrx_word' id='word_1_33' title='bbox 781 621 903 686; x_wconf 80' lang='lat' dir='ltr'>realiter</span> <span class='ocrx_word' id='word_1_34' title='bbox 928 618 1048 683; x_wconf 86' lang='lat' dir='ltr'>distin-</span> 
     </span>
     <span class='ocr_line' id='line_1_7' title="bbox 210 707 1049 796; baseline -0.002 -24"><span class='ocrx_word' id='word_1_35' title='bbox 210 709 303 796; x_wconf 85' lang='lat' dir='ltr'>guia</span> <span class='ocrx_word' id='word_1_36' title='bbox 330 709 559 786; x_wconf 79' lang='lat' dir='ltr'>rationalitate,</span> <span class='ocrx_word' id='word_1_37' title='bbox 586 732 640 776; x_wconf 88' lang='lat' dir='ltr'>seu</span> <span class='ocrx_word' id='word_1_38' title='bbox 671 712 770 774; x_wconf 84' lang='lat' dir='ltr'>anima</span> <span class='ocrx_word' id='word_1_39' title='bbox 797 707 942 772; x_wconf 88' lang='lat' dir='ltr'>hominis.</span> <span class='ocrx_word' id='word_1_40' title='bbox 962 708 1049 772; x_wconf 87' lang='lat' dir='ltr'>Con·</span> 
     </span>
     <span class='ocr_line' id='line_1_8' title="bbox 210 793 1077 884; baseline 0.002 -22"><span class='ocrx_word' id='word_1_41' title='bbox 210 817 258 869; x_wconf 90' lang='lat' dir='ltr'>tra</span> <span class='ocrx_word' id='word_1_42' title='bbox 280 819 357 861; x_wconf 90' lang='lat' dir='ltr'>veto</span> <span class='ocrx_word' id='word_1_43' title='bbox 374 798 587 884; x_wconf 72' lang='lat' dir='ltr'>,peripateticis</span> <span class='ocrx_word' id='word_1_44' title='bbox 614 800 785 865; x_wconf 81' lang='lat' dir='ltr'>animalitas</span> <span class='ocrx_word' id='word_1_45' title='bbox 798 814 844 862; x_wconf 83' lang='lat' dir='ltr'>est</span> <span class='ocrx_word' id='word_1_46' title='bbox 854 793 1047 882; x_wconf 81' lang='lat' dir='ltr'>principium</span> <span class='ocrx_word' id='word_1_47' title='bbox 1073 825 1077 830; x_wconf 94' lang='lat'>·</span> 
     </span>
     <span class='ocr_line' id='line_1_9' title="bbox 212 885 1049 974; baseline 0 -26"><span class='ocrx_word' id='word_1_48' title='bbox 212 885 383 962; x_wconf 83' lang='lat' dir='ltr'>sentiendi,</span> <span class='ocrx_word' id='word_1_49' title='bbox 417 907 448 952; x_wconf 89' lang='lat' dir='ltr'>et</span> <span class='ocrx_word' id='word_1_50' title='bbox 485 887 676 954; x_wconf 84' lang='lat' dir='ltr'>rationalitas</span> <span class='ocrx_word' id='word_1_51' title='bbox 706 905 752 954; x_wconf 86' lang='lat' dir='ltr'>est</span> <span class='ocrx_word' id='word_1_52' title='bbox 779 888 964 974; x_wconf 86' lang='lat' dir='ltr'>principium</span> <span class='ocrx_word' id='word_1_53' title='bbox 993 905 1049 948; x_wconf 86' lang='lat' dir='ltr'>ta-</span> 
     </span>
     <span class='ocr_line' id='line_1_10' title="bbox 212 972 1049 1060; baseline 0.002 -24"><span class='ocrx_word' id='word_1_54' title='bbox 212 974 386 1040; x_wconf 89' lang='lat' dir='ltr'>tiocittandi</span> <span class='ocrx_word' id='word_1_55' title='bbox 421 975 637 1060; x_wconf 86' lang='lat' dir='ltr'>dependenter</span> <span class='ocrx_word' id='word_1_56' title='bbox 672 999 689 1040; x_wconf 86' lang='lat' dir='ltr'>a</span> <span class='ocrx_word' id='word_1_57' title='bbox 725 972 879 1042; x_wconf 89' lang='lat' dir='ltr'>sensibus.</span> <span class='ocrx_word' id='word_1_58' title='bbox 912 972 1049 1038; x_wconf 87' lang='lat' dir='ltr'>Anima-</span> 
     </span>
     <span class='ocr_line' id='line_1_11' title="bbox 214 1061 1051 1150; baseline -0.001 -25"><span class='ocrx_word' id='word_1_59' title='bbox 214 1061 307 1129; x_wconf 83' lang='lat' dir='ltr'>litatis</span> <span class='ocrx_word' id='word_1_60' title='bbox 336 1083 367 1128; x_wconf 89' lang='lat' dir='ltr'>et</span> <span class='ocrx_word' id='word_1_61' title='bbox 395 1063 610 1134; x_wconf 66' lang='lat' dir='ltr'>rationalitatis</span> <span class='ocrx_word' id='word_1_62' title='bbox 639 1063 809 1143; x_wconf 80' lang='lat' dir='ltr'>exemplo,</span> <span class='ocrx_word' id='word_1_63' title='bbox 848 1062 938 1150; x_wconf 87' lang='lat' dir='ltr'>quod</span> <span class='ocrx_word' id='word_1_64' title='bbox 972 1061 1051 1150; x_wconf 89' lang='lat' dir='ltr'>qni-</span> 
     </span>
     <span class='ocr_line' id='line_1_12' title="bbox 216 1151 1051 1239; baseline 0.001 -23"><span class='ocrx_word' id='word_1_65' title='bbox 216 1151 286 1216; x_wconf 90' lang='lat' dir='ltr'>dem</span> <span class='ocrx_word' id='word_1_66' title='bbox 310 1172 373 1216; x_wconf 89' lang='lat' dir='ltr'>non</span> <span class='ocrx_word' id='word_1_67' title='bbox 401 1154 470 1214; x_wconf 88' lang='lat' dir='ltr'>saris</span> <span class='ocrx_word' id='word_1_68' title='bbox 491 1155 609 1217; x_wconf 87' lang='lat' dir='ltr'>clatum</span> <span class='ocrx_word' id='word_1_69' title='bbox 631 1172 675 1218; x_wconf 79' lang='lat' dir='ltr'>est</span> <span class='ocrx_word' id='word_1_70' title='bbox 690 1199 699 1230; x_wconf 95' lang='lat'>,</span> <span class='ocrx_word' id='word_1_71' title='bbox 713 1169 916 1239; x_wconf 62' lang='lat' dir='ltr'>,praesentem</span> <span class='ocrx_word' id='word_1_72' title='bbox 932 1171 1051 1236; x_wconf 56' lang='lat' dir='ltr'>quaese</span> 
     </span>
     <span class='ocr_line' id='line_1_13' title="bbox 215 1237 1051 1325; baseline -0.002 -21"><span class='ocrx_word' id='word_1_73' title='bbox 215 1241 334 1306; x_wconf 87' lang='lat' dir='ltr'>tionem</span> <span class='ocrx_word' id='word_1_74' title='bbox 361 1237 573 1306; x_wconf 82' lang='lat' dir='ltr'>obscurarunt</span> <span class='ocrx_word' id='word_1_75' title='bbox 603 1240 789 1309; x_wconf 75' lang='lat' dir='ltr'>scholastici.</span> <span class='ocrx_word' id='word_1_76' title='bbox 808 1322 810 1325; x_wconf 8' lang='grc' dir='ltr'>ᾖ</span> <span class='ocrx_word' id='word_1_77' title='bbox 830 1241 955 1307; x_wconf 85' lang='lat' dir='ltr'>Verum</span> <span class='ocrx_word' id='word_1_78' title='bbox 993 1261 1051 1302; x_wconf 84' lang='lat' dir='ltr'>ea-</span> 
     </span>
     <span class='ocr_line' id='line_1_14' title="bbox 217 1326 1051 1414; baseline -0.002 -22"><span class='ocrx_word' id='word_1_79' title='bbox 217 1327 311 1406; x_wconf 86' lang='lat' dir='ltr'>dem,</span> <span class='ocrx_word' id='word_1_80' title='bbox 341 1349 436 1414; x_wconf 85' lang='lat' dir='ltr'>quam</span> <span class='ocrx_word' id='word_1_81' title='bbox 463 1329 707 1412; x_wconf 79' lang='lat' dir='ltr'>explicavimus,</span> <span class='ocrx_word' id='word_1_82' title='bbox 734 1329 934 1400; x_wconf 77' lang='lat' dir='ltr'>distinctione</span> <span class='ocrx_word' id='word_1_83' title='bbox 956 1326 1051 1392; x_wconf 82' lang='lat' dir='ltr'>adhi-</span> 
     </span>
     <span class='ocr_line' id='line_1_15' title="bbox 217 1413 1051 1506; baseline 0 -28"><span class='ocrx_word' id='word_1_84' title='bbox 217 1414 302 1494; x_wconf 83' lang='lat' dir='ltr'>bita,</span> <span class='ocrx_word' id='word_1_85' title='bbox 330 1413 417 1480; x_wconf 88' lang='lat' dir='ltr'>facile</span> <span class='ocrx_word' id='word_1_86' title='bbox 442 1417 607 1484; x_wconf 84' lang='lat' dir='ltr'>solvuntur</span> <span class='ocrx_word' id='word_1_87' title='bbox 633 1419 712 1496; x_wconf 82' lang='lat' dir='ltr'>alia,</span> <span class='ocrx_word' id='word_1_88' title='bbox 735 1441 817 1506; x_wconf 87' lang='lat' dir='ltr'>quae</span> <span class='ocrx_word' id='word_1_89' title='bbox 840 1419 976 1504; x_wconf 79' lang='lat' dir='ltr'>proponi</span> <span class='ocrx_word' id='word_1_90' title='bbox 998 1437 1051 1478; x_wconf 87' lang='lat' dir='ltr'>so·</span> 
     </span>
     <span class='ocr_line' id='line_1_16' title="bbox 154 1503 1052 1593; baseline -0.01 -16"><span class='ocrx_word' id='word_1_91' title='bbox 154 1567 157 1577; x_wconf 40' lang='lat'><em>2</em></span> <span class='ocrx_word' id='word_1_92' title='bbox 217 1503 282 1570; x_wconf 88' lang='lat' dir='ltr'>lent</span> <span class='ocrx_word' id='word_1_93' title='bbox 311 1521 505 1593; x_wconf 78' lang='lat' dir='ltr'>argumenta.</span> <span class='ocrx_word' id='word_1_94' title='bbox 533 1505 642 1586; x_wconf 82' lang='lat' dir='ltr'>Quare</span> <span class='ocrx_word' id='word_1_95' title='bbox 671 1524 830 1582; x_wconf 47' lang='lat' dir='ltr'>nonierr,</span> <span class='ocrx_word' id='word_1_96' title='bbox 860 1528 917 1573; x_wconf 86' lang='lat' dir='ltr'>cur</span> <span class='ocrx_word' id='word_1_97' title='bbox 952 1503 1052 1569; x_wconf 88' lang='lat' dir='ltr'>inutili</span> 
     </span>
     <span class='ocr_line' id='line_1_17' title="bbox 217 1594 1051 1683; baseline -0.002 -25"><span class='ocrx_word' id='word_1_98' title='bbox 217 1611 341 1662; x_wconf 82' lang='lat' dir='ltr'>uramur</span> <span class='ocrx_word' id='word_1_99' title='bbox 365 1594 538 1660; x_wconf 85' lang='lat' dir='ltr'>verborum</span> <span class='ocrx_word' id='word_1_100' title='bbox 556 1596 651 1683; x_wconf 82' lang='lat' dir='ltr'>copia</span> <span class='ocrx_word' id='word_1_101' title='bbox 665 1597 694 1662; x_wconf 89' lang='lat' dir='ltr'>in</span> <span class='ocrx_word' id='word_1_102' title='bbox 711 1613 797 1662; x_wconf 81' lang='lat' dir='ltr'>tanta</span> <span class='ocrx_word' id='word_1_103' title='bbox 811 1595 960 1680; x_wconf 87' lang='lat' dir='ltr'>temporis</span> <span class='ocrx_word' id='word_1_104' title='bbox 976 1594 1051 1656; x_wconf 90' lang='lat' dir='ltr'>ino-</span> 
     </span>
     <span class='ocr_line' id='line_1_18' title="bbox 213 1682 1051 1770; baseline -0.004 -20"><span class='ocrx_word' id='word_1_105' title='bbox 213 1683 277 1765; x_wconf 85' lang='lat' dir='ltr'>pia.</span> <span class='ocrx_word' id='word_1_106' title='bbox 317 1683 467 1748; x_wconf 88' lang='lat' dir='ltr'>Ceterum</span> <span class='ocrx_word' id='word_1_107' title='bbox 505 1682 706 1753; x_wconf 86' lang='lat' dir='ltr'>vehementer</span> <span class='ocrx_word' id='word_1_108' title='bbox 740 1683 910 1770; x_wconf 82' lang='lat' dir='ltr'>suspicor3</span> <span class='ocrx_word' id='word_1_109' title='bbox 949 1699 1051 1760; x_wconf 75' lang='lat' dir='ltr'>totam</span> 
     </span>
     <span class='ocr_line' id='line_1_19' title="bbox 218 1769 1049 1862; baseline 0 -28"><span class='ocrx_word' id='word_1_110' title='bbox 218 1769 297 1834; x_wconf 89' lang='lat' dir='ltr'>hanc</span> <span class='ocrx_word' id='word_1_111' title='bbox 323 1769 537 1854; x_wconf 87' lang='lat' dir='ltr'>quaestionem</span> <span class='ocrx_word' id='word_1_112' title='bbox 562 1793 647 1837; x_wconf 87' lang='lat' dir='ltr'>mera</span> <span class='ocrx_word' id='word_1_113' title='bbox 674 1771 870 1862; x_wconf 75' lang='lat' dir='ltr'>logomacliia</span> <span class='ocrx_word' id='word_1_114' title='bbox 896 1769 1049 1836; x_wconf 85' lang='lat' dir='ltr'>laborate.</span> 
     </span>
     <span class='ocr_line' id='line_1_20' title="bbox 217 1856 1051 1940; baseline 0.004 -20"><span class='ocrx_word' id='word_1_115' title='bbox 217 1856 247 1920; x_wconf 86' lang='lat' dir='ltr'>Si</span> <span class='ocrx_word' id='word_1_116' title='bbox 269 1856 358 1924; x_wconf 63' lang='lat' dir='ltr'>‘enlm</span> <span class='ocrx_word' id='word_1_117' title='bbox 390 1879 446 1940; x_wconf 91' lang='lat' dir='ltr'>pet</span> <span class='ocrx_word' id='word_1_118' title='bbox 474 1859 894 1932; x_wconf 80' lang='lat' dir='ltr'>distinctionemfotmalem</span> <span class='ocrx_word' id='word_1_119' title='bbox 928 1861 1051 1932; x_wconf 80' lang='lat' dir='ltr'>intelli-</span> 
     </span>
     <span class='ocr_line' id='line_1_21' title="bbox 218 1945 1055 2035; baseline 0.007 -29"><span class='ocrx_word' id='word_1_120' title='bbox 218 1955 296 2030; x_wconf 84' lang='lat' dir='ltr'>gant&#39;</span> <span class='ocrx_word' id='word_1_121' title='bbox 319 1945 466 2010; x_wconf 87' lang='lat' dir='ltr'>scotistae</span> <span class='ocrx_word' id='word_1_122' title='bbox 490 1947 722 2019; x_wconf 64' lang='lat' dir='ltr'>dimotionem</span> <span class='ocrx_word' id='word_1_123' title='bbox 751 1951 861 2026; x_wconf 93' lang='lat' dir='ltr'>illam,</span> <span class='ocrx_word' id='word_1_124' title='bbox 886 1969 971 2035; x_wconf 49' lang='lat' dir='ltr'>¹quae</span> <span class='ocrx_word' id='word_1_125' title='bbox 988 1947 1055 2012; x_wconf 69' lang='lat' dir='ltr'>‘est</span> 
     </span>
     <span class='ocr_line' id='line_1_22' title="bbox 217 2023 1053 2124; baseline 0.007 -30"><span class='ocrx_word' id='word_1_126' title='bbox 217 2033 297 2096; x_wconf 88' lang='lat' dir='ltr'>inter</span> <span class='ocrx_word' id='word_1_127' title='bbox 325 2023 478 2099; x_wconf 82' lang='lat' dir='ltr'>aittibuta</span> <span class='ocrx_word' id='word_1_128' title='bbox 505 2038 697 2115; x_wconf 76' lang='lat' dir='ltr'>essentialia,</span> <span class='ocrx_word' id='word_1_129' title='bbox 722 2055 757 2103; x_wconf 88' lang='lat' dir='ltr'>ut</span> <span class='ocrx_word' id='word_1_130' title='bbox 790 2059 907 2124; x_wconf 83' lang='lat' dir='ltr'>nempe</span> <span class='ocrx_word' id='word_1_131' title='bbox 944 2058 1053 2102; x_wconf 88' lang='lat' dir='ltr'>secet-</span> 
     </span>
     <span class='ocr_line' id='line_1_23' title="bbox 217 2123 1053 2198; baseline 0.01 -16"><span class='ocrx_word' id='word_1_132' title='bbox 217 2137 331 2184; x_wconf 89' lang='lat' dir='ltr'>nautur</span> <span class='ocrx_word' id='word_1_133' title='bbox 360 2143 378 2186; x_wconf 88' lang='lat' dir='ltr'>a</span> <span class='ocrx_word' id='word_1_134' title='bbox 405 2125 506 2191; x_wconf 89' lang='lat' dir='ltr'>modis</span> <span class='ocrx_word' id='word_1_135' title='bbox 525 2125 790 2198; x_wconf 82' lang='lat' dir='ltr'>accidentalibus,</span> <span class='ocrx_word' id='word_1_136' title='bbox 811 2125 891 2190; x_wconf 87' lang='lat' dir='ltr'>hanc</span> <span class='ocrx_word' id='word_1_137' title='bbox 913 2123 1053 2191; x_wconf 85' lang='lat' dir='ltr'>distinc-</span> 
     </span>
     <span class='ocr_line' id='line_1_24' title="bbox 219 2210 1054 2297; baseline 0.002 -27"><span class='ocrx_word' id='word_1_138' title='bbox 219 2210 311 2274; x_wconf 87' lang='lat' dir='ltr'>tionis</span> <span class='ocrx_word' id='word_1_139' title='bbox 348 2214 485 2297; x_wconf 88' lang='lat' dir='ltr'>speciem</span> <span class='ocrx_word' id='word_1_140' title='bbox 520 2213 686 2283; x_wconf 86' lang='lat' dir='ltr'>admittere</span> <span class='ocrx_word' id='word_1_141' title='bbox 722 2215 853 2292; x_wconf 72' lang='lat' dir='ltr'>licebit,</span> <span class='ocrx_word' id='word_1_142' title='bbox 900 2213 1054 2278; x_wconf 56' lang='lat' dir='ltr'>dummo,</span> 
     </span>
     <span class='ocr_line' id='line_1_25' title="bbox 217 2294 1054 2380; baseline 0.01 -20"><span class='ocrx_word' id='word_1_143' title='bbox 217 2294 261 2360; x_wconf 89' lang='lat' dir='ltr'>do</span> <span class='ocrx_word' id='word_1_144' title='bbox 292 2314 395 2363; x_wconf 85' lang='lat' dir='ltr'>tamen</span> <span class='ocrx_word' id='word_1_145' title='bbox 432 2303 573 2368; x_wconf 89' lang='lat' dir='ltr'>mentalis</span> <span class='ocrx_word' id='word_1_146' title='bbox 608 2305 646 2371; x_wconf 87' lang='lat' dir='ltr'>sit</span> <span class='ocrx_word' id='word_1_147' title='bbox 683 2321 830 2380; x_wconf 89' lang='lat' dir='ltr'>tantum,</span> <span class='ocrx_word' id='word_1_148' title='bbox 864 2320 894 2366; x_wconf 91' lang='lat' dir='ltr'>et</span> <span class='ocrx_word' id='word_1_149' title='bbox 929 2303 960 2366; x_wconf 92' lang='lat' dir='ltr'>in</span> <span class='ocrx_word' id='word_1_150' title='bbox 1001 2304 1054 2368; x_wconf 85' lang='lat' dir='ltr'>irt-</span> 
     </span>
    </p>
   </div>
   <div class='ocr_carea' id='block_1_2' title="bbox 137 2384 1057 2562">
    <p class='ocr_par' dir='ltr' id='par_1_3' title="bbox 137 2384 1057 2562">
     <span class='ocr_line' id='line_1_26' title="bbox 137 2384 1057 2474; baseline 0.008 -25"><span class='ocrx_word' id='word_1_151' title='bbox 137 2406 139 2410; x_wconf 72' lang='grc'>’</span> <span class='ocrx_word' id='word_1_152' title='bbox 217 2384 368 2464; x_wconf 89' lang='lat' dir='ltr'>tellectu,</span> <span class='ocrx_word' id='word_1_153' title='bbox 396 2404 491 2474; x_wconf 86' lang='lat' dir='ltr'>atque</span> <span class='ocrx_word' id='word_1_154' title='bbox 520 2391 561 2456; x_wconf 88' lang='lat' dir='ltr'>ad</span> <span class='ocrx_word' id='word_1_155' title='bbox 590 2394 747 2465; x_wconf 87' lang='lat' dir='ltr'>maiorem</span> <span class='ocrx_word' id='word_1_156' title='bbox 781 2393 952 2462; x_wconf 88' lang='lat' dir='ltr'>notionum</span> <span class='ocrx_word' id='word_1_157' title='bbox 991 2414 1057 2458; x_wconf 85' lang='lat' dir='ltr'>ex-</span> 
     </span>
     <span class='ocr_line' id='line_1_27' title="bbox 220 2474 819 2562; baseline 0.025 -27"><span class='ocrx_word' id='word_1_158' title='bbox 220 2474 435 2562; x_wconf 85' lang='lat' dir='ltr'>plicationem.</span> <span class='ocrx_word' id='word_1_159' title='bbox 817 2493 819 2498; x_wconf 87' lang='grc'><strong>’</strong></span> 
     </span>
    </p>
   </div>
   <div class='ocr_carea' id='block_1_3' title="bbox 0 0 1151 3428">
    <p class='ocr_par' dir='ltr' id='par_1_4' title="bbox 0 0 1151 3428">
     <span class='ocr_line' id='line_1_28' title="bbox 0 0 1151 3428; baseline 0 0"><span class='ocrx_word' id='word_1_160' title='bbox 0 0 1151 3428; x_wconf 95' lang='lat' dir='ltr'> </span> 
     </span>
    </p>
   </div>
  </div>
 </body>
</html>
