<?xml version="1.0" encoding="UTF-8"?>
<!DOCTYPE html PUBLIC "-//W3C//DTD XHTML 1.0 Transitional//EN"
    "http://www.w3.org/TR/xhtml1/DTD/xhtml1-transitional.dtd">
<html xmlns="http://www.w3.org/1999/xhtml" xml:lang="en" lang="en">
 <head>
  <title>
</title>
<meta http-equiv="Content-Type" content="text/html;charset=utf-8" />
  <meta name='ocr-system' content='tesseract 3.04.00' />
  <meta name='ocr-capabilities' content='ocr_page ocr_carea ocr_par ocr_line ocrx_word'/>
</head>
<body>
  <div class='ocr_page' id='page_1' title='image "./institutionesph00jacqgoog_0448.png"; bbox 0 0 2264 3420; ppageno 0'>
   <div class='ocr_carea' id='block_1_1' title="bbox 6 94 979 3101">
    <p class='ocr_par' dir='ltr' id='par_1_1' title="bbox 289 94 969 162">
     <span class='ocr_line' id='line_1_1' title="bbox 289 94 969 162; baseline -0.003 -14"><span class='ocrx_word' id='word_1_1' title='bbox 289 97 600 149; x_wconf 77' lang='lat' dir='ltr'>sanem-urrann.</span> <span class='ocrx_word' id='word_1_2' title='bbox 625 94 703 144; x_wconf 77' lang='lat' dir='ltr'>oar.</span> <span class='ocrx_word' id='word_1_3' title='bbox 718 95 762 144; x_wconf 87' lang='lat' dir='ltr'>rr.</span> <span class='ocrx_word' id='word_1_4' title='bbox 789 104 796 118; x_wconf 93' lang='lat'>·</span> <span class='ocrx_word' id='word_1_5' title='bbox 921 98 969 162; x_wconf 70' lang='lat' dir='ltr'>ar·</span> 
     </span>
    </p>

    <p class='ocr_par' dir='ltr' id='par_1_2' title="bbox 93 163 974 262">
     <span class='ocr_line' id='line_1_2' title="bbox 93 163 974 262; baseline 0.001 -26"><span class='ocrx_word' id='word_1_6' title='bbox 93 199 113 220; x_wconf 71' lang='lat'>„-</span> <span class='ocrx_word' id='word_1_7' title='bbox 125 163 194 236; x_wconf 56' lang='lat' dir='ltr'>”In</span> <span class='ocrx_word' id='word_1_8' title='bbox 208 169 388 262; x_wconf 76' lang='lat' dir='ltr'>systemate</span> <span class='ocrx_word' id='word_1_9' title='bbox 399 169 580 234; x_wconf 81' lang='lat' dir='ltr'>harmoniae</span> <span class='ocrx_word' id='word_1_10' title='bbox 594 164 830 256; x_wconf 80' lang='lat' dir='ltr'>praestabilitate</span> <span class='ocrx_word' id='word_1_11' title='bbox 841 165 916 253; x_wconf 82' lang='lat' dir='ltr'>poni</span> <span class='ocrx_word' id='word_1_12' title='bbox 922 186 974 236; x_wconf 86' lang='lat' dir='ltr'>rur</span> 
     </span>
    </p>

    <p class='ocr_par' dir='ltr' id='par_1_3' title="bbox 47 255 977 1324">
     <span class='ocr_line' id='line_1_3' title="bbox 47 255 974 348; baseline -0.004 -23"><span class='ocrx_word' id='word_1_13' title='bbox 47 269 50 276; x_wconf 88' lang='lat'>&#39;</span> <span class='ocrx_word' id='word_1_14' title='bbox 84 257 120 333; x_wconf 89' lang='lat' dir='ltr'>in</span> <span class='ocrx_word' id='word_1_15' title='bbox 133 261 234 326; x_wconf 87' lang='lat' dir='ltr'>anima</span> <span class='ocrx_word' id='word_1_16' title='bbox 247 263 339 338; x_wconf 82' lang='lat' dir='ltr'>series</span> <span class='ocrx_word' id='word_1_17' title='bbox 352 257 597 348; x_wconf 86' lang='lat' dir='ltr'>perceptionum</span> <span class='ocrx_word' id='word_1_18' title='bbox 612 273 645 322; x_wconf 88' lang='lat' dir='ltr'>et</span> <span class='ocrx_word' id='word_1_19' title='bbox 657 255 974 344; x_wconf 78' lang='lat' dir='ltr'>volitionunrvi-pro·</span> 
     </span>
     <span class='ocr_line' id='line_1_4' title="bbox 114 343 977 434; baseline 0 -20"><span class='ocrx_word' id='word_1_20' title='bbox 114 347 160 414; x_wconf 84' lang='lat' dir='ltr'>tia</span> <span class='ocrx_word' id='word_1_21' title='bbox 168 349 400 434; x_wconf 74' lang='lat' dir='ltr'>producturum</span> <span class='ocrx_word' id='word_1_22' title='bbox 416 350 480 412; x_wconf 91' lang='lat' dir='ltr'>sine</span> <span class='ocrx_word' id='word_1_23' title='bbox 491 347 555 411; x_wconf 88' lang='lat' dir='ltr'>nlla</span> <span class='ocrx_word' id='word_1_24' title='bbox 566 367 585 410; x_wconf 88' lang='lat' dir='ltr'>a</span> <span class='ocrx_word' id='word_1_25' title='bbox 595 343 977 434; x_wconf 78' lang='lat' dir='ltr'>corporedcpendeutiae.</span> 
     </span>
     <span class='ocr_line' id='line_1_5' title="bbox 88 369 976 524; baseline 0 -22"><span class='ocrx_word' id='word_1_26' title='bbox 88 369 238 503; x_wconf 58' lang='lat' dir='ltr'>§imiliter</span> <span class='ocrx_word' id='word_1_27' title='bbox 251 437 282 503; x_wconf 92' lang='lat' dir='ltr'>in</span> <span class='ocrx_word' id='word_1_28' title='bbox 297 459 434 524; x_wconf 88' lang='lat' dir='ltr'>corpore</span> <span class='ocrx_word' id='word_1_29' title='bbox 449 436 542 500; x_wconf 89' lang='lat' dir='ltr'>datur</span> <span class='ocrx_word' id='word_1_30' title='bbox 553 433 645 501; x_wconf 86' lang='lat' dir='ltr'>series</span> <span class='ocrx_word' id='word_1_31' title='bbox 660 434 814 522; x_wconf 83' lang='lat' dir='ltr'>quaedam</span> <span class='ocrx_word' id='word_1_32' title='bbox 828 451 976 502; x_wconf 86' lang='lat' dir='ltr'>motuum</span> 
     </span>
     <span class='ocr_line' id='line_1_6' title="bbox 88 523 976 612; baseline -0.005 -20"><span class='ocrx_word' id='word_1_33' title='bbox 88 524 340 592; x_wconf 78' lang='lat' dir='ltr'>vimechanisrnr&#39;</span> <span class='ocrx_word' id='word_1_34' title='bbox 352 549 392 592; x_wconf 79' lang='lat' dir='ltr'>er</span> <span class='ocrx_word' id='word_1_35' title='bbox 408 546 440 592; x_wconf 89' lang='lat' dir='ltr'>se</span> <span class='ocrx_word' id='word_1_36' title='bbox 455 524 590 590; x_wconf 83' lang='lat' dir='ltr'>invicem</span> <span class='ocrx_word' id='word_1_37' title='bbox 605 523 816 600; x_wconf 87' lang='lat' dir='ltr'>nascentium,</span> <span class='ocrx_word' id='word_1_38' title='bbox 826 525 881 612; x_wconf 89' lang='lat' dir='ltr'>qui</span> <span class='ocrx_word' id='word_1_39' title='bbox 895 542 976 611; x_wconf 89' lang='lat' dir='ltr'>pen·</span> 
     </span>
     <span class='ocr_line' id='line_1_7' title="bbox 88 612 977 702; baseline -0.002 -22"><span class='ocrx_word' id='word_1_40' title='bbox 88 614 165 680; x_wconf 87' lang='lat' dir='ltr'>dent</span> <span class='ocrx_word' id='word_1_41' title='bbox 179 614 219 680; x_wconf 88' lang='lat' dir='ltr'>ab</span> <span class='ocrx_word' id='word_1_42' title='bbox 234 612 495 702; x_wconf 77' lang='lat' dir='ltr'>impressionibus</span> <span class='ocrx_word' id='word_1_43' title='bbox 506 613 643 680; x_wconf 81' lang='lat' dir='ltr'>externis</span> <span class='ocrx_word' id='word_1_44' title='bbox 657 612 686 678; x_wconf 92' lang='lat' dir='ltr'>in</span> <span class='ocrx_word' id='word_1_45' title='bbox 702 633 821 701; x_wconf 78' lang='lat' dir='ltr'>organa</span> <span class='ocrx_word' id='word_1_46' title='bbox 833 613 977 680; x_wconf 77' lang='lat' dir='ltr'>sensoria</span> 
     </span>
     <span class='ocr_line' id='line_1_8' title="bbox 87 701 976 791; baseline 0.002 -23"><span class='ocrx_word' id='word_1_47' title='bbox 87 701 178 768; x_wconf 76' lang='lat' dir='ltr'>iretis</span> <span class='ocrx_word' id='word_1_48' title='bbox 188 720 209 782; x_wconf 70' lang='lat'>,‘</span> <span class='ocrx_word' id='word_1_49' title='bbox 214 725 321 791; x_wconf 87' lang='lat' dir='ltr'>neque</span> <span class='ocrx_word' id='word_1_50' title='bbox 336 724 455 791; x_wconf 87' lang='lat' dir='ltr'>corpus</span> <span class='ocrx_word' id='word_1_51' title='bbox 470 703 588 790; x_wconf 81' lang='lat' dir='ltr'>pendet</span> <span class='ocrx_word' id='word_1_52' title='bbox 604 701 643 767; x_wconf 87' lang='lat' dir='ltr'>ab</span> <span class='ocrx_word' id='word_1_53' title='bbox 658 703 779 780; x_wconf 71' lang='lat' dir='ltr'>anima,</span> <span class='ocrx_word' id='word_1_54' title='bbox 796 703 836 766; x_wconf 87' lang='lat' dir='ltr'>ita</span> <span class='ocrx_word' id='word_1_55' title='bbox 855 719 892 768; x_wconf 92' lang='lat' dir='ltr'>ut</span> <span class='ocrx_word' id='word_1_56' title='bbox 908 703 976 770; x_wconf 85' lang='lat' dir='ltr'>sine</span> 
     </span>
     <span class='ocr_line' id='line_1_9' title="bbox 86 789 977 878; baseline 0.002 -24"><span class='ocrx_word' id='word_1_57' title='bbox 86 812 228 878; x_wconf 90' lang='lat' dir='ltr'>corpore</span> <span class='ocrx_word' id='word_1_58' title='bbox 244 794 343 856; x_wconf 82' lang='lat' dir='ltr'>anima</span> <span class='ocrx_word' id='word_1_59' title='bbox 357 790 484 858; x_wconf 85' lang='lat' dir='ltr'>easdem</span> <span class='ocrx_word' id='word_1_60' title='bbox 498 789 615 858; x_wconf 84' lang='lat' dir='ltr'>habere</span> <span class='ocrx_word' id='word_1_61' title='bbox 629 789 850 876; x_wconf 81' lang='lat' dir='ltr'>perceptiones</span> <span class='ocrx_word' id='word_1_62' title='bbox 866 809 898 857; x_wconf 90' lang='lat' dir='ltr'>et</span> <span class='ocrx_word' id='word_1_63' title='bbox 916 811 977 856; x_wconf 69' lang='lat' dir='ltr'>tro«</span> 
     </span>
     <span class='ocr_line' id='line_1_10' title="bbox 86 878 975 968; baseline 0.001 -23"><span class='ocrx_word' id='word_1_64' title='bbox 86 879 226 957; x_wconf 86' lang='lat' dir='ltr'>litiones,</span> <span class='ocrx_word' id='word_1_65' title='bbox 242 902 320 968; x_wconf 89' lang='lat' dir='ltr'>quas</span> <span class='ocrx_word' id='word_1_66' title='bbox 334 879 439 956; x_wconf 81' lang='lat' dir='ltr'>habet,</span> <span class='ocrx_word' id='word_1_67' title='bbox 456 897 488 946; x_wconf 87' lang='lat' dir='ltr'>et</span> <span class='ocrx_word' id='word_1_68' title='bbox 499 881 529 944; x_wconf 90' lang='lat' dir='ltr'>in</span> <span class='ocrx_word' id='word_1_69' title='bbox 544 901 681 966; x_wconf 87' lang='lat' dir='ltr'>corpore</span> <span class='ocrx_word' id='word_1_70' title='bbox 696 878 790 944; x_wconf 88' lang='lat' dir='ltr'>iidem</span> <span class='ocrx_word' id='word_1_71' title='bbox 805 880 975 966; x_wconf 85' lang='lat' dir='ltr'>produce·-</span> 
     </span>
     <span class='ocr_line' id='line_1_11' title="bbox 87 965 976 1056; baseline 0.007 -26"><span class='ocrx_word' id='word_1_72' title='bbox 87 987 202 1035; x_wconf 86' lang='lat' dir='ltr'>rentut</span> <span class='ocrx_word' id='word_1_73' title='bbox 217 987 335 1046; x_wconf 86' lang='lat' dir='ltr'>motus,</span> <span class='ocrx_word' id='word_1_74' title='bbox 347 971 399 1056; x_wconf 87' lang='lat' dir='ltr'>qui</span> <span class='ocrx_word' id='word_1_75' title='bbox 413 968 650 1054; x_wconf 87' lang='lat' dir='ltr'>producuntur,</span> <span class='ocrx_word' id='word_1_76' title='bbox 661 965 779 1034; x_wconf 89' lang='lat' dir='ltr'>etiamsi</span> <span class='ocrx_word' id='word_1_77' title='bbox 794 965 893 1032; x_wconf 83' lang='lat' dir='ltr'>anima</span> <span class='ocrx_word' id='word_1_78' title='bbox 908 989 976 1036; x_wconf 85' lang='lat' dir='ltr'>non</span> 
     </span>
     <span class='ocr_line' id='line_1_12' title="bbox 87 1057 976 1146; baseline -0.007 -24"><span class='ocrx_word' id='word_1_79' title='bbox 87 1057 267 1123; x_wconf 70' lang='lat' dir='ltr'>exsisteret.</span> <span class='ocrx_word' id='word_1_80' title='bbox 279 1057 529 1146; x_wconf 82' lang='lat' dir='ltr'>Porro&#39;singulae</span> <span class='ocrx_word' id='word_1_81' title='bbox 541 1057 976 1146; x_wconf 76' lang='lat' dir='ltr'>perceptionesanimaeeom</span> 
     </span>
     <span class='ocr_line' id='line_1_13' title="bbox 91 1143 977 1235; baseline -0.002 -23"><span class='ocrx_word' id='word_1_82' title='bbox 91 1147 233 1212; x_wconf 79' lang='lat' dir='ltr'>sentiunt</span> <span class='ocrx_word' id='word_1_83' title='bbox 248 1147 373 1235; x_wconf 83' lang='lat' dir='ltr'>singulis</span> <span class='ocrx_word' id='word_1_84' title='bbox 386 1147 533 1234; x_wconf 89' lang='lat' dir='ltr'>corporis</span> <span class='ocrx_word' id='word_1_85' title='bbox 549 1143 688 1212; x_wconf 88' lang='lat' dir='ltr'>motibus</span> <span class='ocrx_word' id='word_1_86' title='bbox 701 1145 762 1224; x_wconf 89' lang='lat' dir='ltr'>ita,</span> <span class='ocrx_word' id='word_1_87' title='bbox 785 1163 822 1211; x_wconf 90' lang='lat' dir='ltr'>ut</span> <span class='ocrx_word' id='word_1_88' title='bbox 837 1143 921 1212; x_wconf 86' lang='lat' dir='ltr'>idem</span> <span class='ocrx_word' id='word_1_89' title='bbox 937 1167 977 1210; x_wconf 78' lang='lat' dir='ltr'>o·</span> 
     </span>
     <span class='ocr_line' id='line_1_14' title="bbox 88 1233 976 1324; baseline 0.003 -25"><span class='ocrx_word' id='word_1_90' title='bbox 88 1235 200 1299; x_wconf 84' lang='lat' dir='ltr'>mnino</span> <span class='ocrx_word' id='word_1_91' title='bbox 210 1237 393 1324; x_wconf 86' lang='lat' dir='ltr'>contingat,</span> <span class='ocrx_word' id='word_1_92' title='bbox 407 1257 444 1301; x_wconf 86' lang='lat' dir='ltr'>ac</span> <span class='ocrx_word' id='word_1_93' title='bbox 461 1236 484 1300; x_wconf 90' lang='lat' dir='ltr'>si</span> <span class='ocrx_word' id='word_1_94' title='bbox 500 1255 619 1324; x_wconf 86' lang='lat' dir='ltr'>corpus</span> <span class='ocrx_word' id='word_1_95' title='bbox 635 1236 664 1300; x_wconf 91' lang='lat' dir='ltr'>in</span> <span class='ocrx_word' id='word_1_96' title='bbox 677 1235 812 1300; x_wconf 81' lang='lat' dir='ltr'>animam</span> <span class='ocrx_word' id='word_1_97' title='bbox 825 1251 858 1300; x_wconf 87' lang='lat' dir='ltr'>et</span> <span class='ocrx_word' id='word_1_98' title='bbox 872 1233 976 1302; x_wconf 82' lang='lat' dir='ltr'>anima</span> 
     </span>
    </p>

    <p class='ocr_par' dir='ltr' id='par_1_4' title="bbox 85 1321 979 1768">
     <span class='ocr_line' id='line_1_15' title="bbox 87 1321 977 1412; baseline 0.008 -27"><span class='ocrx_word' id='word_1_99' title='bbox 87 1321 120 1388; x_wconf 87' lang='lat' dir='ltr'>in</span> <span class='ocrx_word' id='word_1_100' title='bbox 135 1343 255 1412; x_wconf 87' lang='lat' dir='ltr'>corpus</span> <span class='ocrx_word' id='word_1_101' title='bbox 268 1325 424 1390; x_wconf 84' lang='lat' dir='ltr'>inliceret.</span> <span class='ocrx_word' id='word_1_102' title='bbox 436 1324 508 1390; x_wconf 89' lang='lat' dir='ltr'>Nec</span> <span class='ocrx_word' id='word_1_103' title='bbox 523 1341 628 1392; x_wconf 86' lang='lat' dir='ltr'>tamen</span> <span class='ocrx_word' id='word_1_104' title='bbox 641 1327 755 1390; x_wconf 85' lang='lat' dir='ltr'>volunt</span> <span class='ocrx_word' id='word_1_105' title='bbox 767 1321 856 1388; x_wconf 89' lang='lat' dir='ltr'>huius</span> <span class='ocrx_word' id='word_1_106' title='bbox 872 1343 977 1412; x_wconf 87' lang='lat' dir='ltr'>syste-</span> 
     </span>
     <span class='ocr_line' id='line_1_16' title="bbox 85 1411 978 1501; baseline 0.002 -23"><span class='ocrx_word' id='word_1_107' title='bbox 85 1413 179 1478; x_wconf 82' lang='lat' dir='ltr'>matis</span> <span class='ocrx_word' id='word_1_108' title='bbox 193 1414 333 1501; x_wconf 84' lang='lat' dir='ltr'>patroni,</span> <span class='ocrx_word' id='word_1_109' title='bbox 343 1411 448 1480; x_wconf 90' lang='lat' dir='ltr'>Deum</span> <span class='ocrx_word' id='word_1_110' title='bbox 461 1412 600 1480; x_wconf 86' lang='lat' dir='ltr'>effecisse</span> <span class='ocrx_word' id='word_1_111' title='bbox 612 1433 730 1498; x_wconf 87' lang='lat' dir='ltr'>corpus</span> <span class='ocrx_word' id='word_1_112' title='bbox 740 1411 917 1478; x_wconf 88' lang='lat' dir='ltr'>secundum</span> <span class='ocrx_word' id='word_1_113' title='bbox 930 1435 978 1480; x_wconf 83' lang='lat' dir='ltr'>se·</span> 
     </span>
     <span class='ocr_line' id='line_1_17' title="bbox 85 1501 978 1590; baseline 0.002 -24"><span class='ocrx_word' id='word_1_114' title='bbox 85 1501 164 1568; x_wconf 82' lang='lat' dir='ltr'>riem</span> <span class='ocrx_word' id='word_1_115' title='bbox 181 1505 423 1590; x_wconf 79' lang='lat' dir='ltr'>perceptionum</span> <span class='ocrx_word' id='word_1_116' title='bbox 436 1516 467 1567; x_wconf 86' lang='lat' dir='ltr'>et</span> <span class='ocrx_word' id='word_1_117' title='bbox 480 1501 714 1589; x_wconf 81' lang='lat' dir='ltr'>appetitionum</span> <span class='ocrx_word' id='word_1_118' title='bbox 729 1501 978 1586; x_wconf 82' lang='lat' dir='ltr'>animae,atque</span> 
     </span>
     <span class='ocr_line' id='line_1_18' title="bbox 85 1588 979 1676; baseline 0.002 -20"><span class='ocrx_word' id='word_1_119' title='bbox 85 1591 222 1656; x_wconf 86' lang='lat' dir='ltr'>animam</span> <span class='ocrx_word' id='word_1_120' title='bbox 236 1591 540 1657; x_wconf 82' lang='lat' dir='ltr'>secundumseriem</span> <span class='ocrx_word' id='word_1_121' title='bbox 554 1609 697 1655; x_wconf 88' lang='lat' dir='ltr'>motuum</span> <span class='ocrx_word' id='word_1_122' title='bbox 714 1588 872 1676; x_wconf 86' lang='lat' dir='ltr'>corporis,</span> <span class='ocrx_word' id='word_1_123' title='bbox 886 1589 979 1676; x_wconf 70' lang='lat' dir='ltr'>quod</span> 
     </span>
     <span class='ocr_line' id='line_1_19' title="bbox 85 1676 975 1768; baseline 0.001 -25"><span class='ocrx_word' id='word_1_124' title='bbox 85 1677 225 1744; x_wconf 80' lang='lat' dir='ltr'>libertati</span> <span class='ocrx_word' id='word_1_125' title='bbox 240 1679 406 1746; x_wconf 86' lang='lat' dir='ltr'>manifeste</span> <span class='ocrx_word' id='word_1_126' title='bbox 415 1699 624 1768; x_wconf 72' lang='lat' dir='ltr'>repugnareta</span> <span class='ocrx_word' id='word_1_127' title='bbox 639 1678 695 1746; x_wconf 84' lang='lat' dir='ltr'>sed</span> <span class='ocrx_word' id='word_1_128' title='bbox 708 1678 798 1744; x_wconf 89' lang='lat' dir='ltr'>unice</span> <span class='ocrx_word' id='word_1_129' title='bbox 810 1676 975 1758; x_wconf 77' lang='lat' dir='ltr'>adserunt,</span> 
     </span>
    </p>

    <p class='ocr_par' dir='ltr' id='par_1_5' title="bbox 6 1766 977 2655">
     <span class='ocr_line' id='line_1_20' title="bbox 6 1766 975 1856; baseline 0.002 -24"><span class='ocrx_word' id='word_1_130' title='bbox 6 1823 7 1856; x_wconf 37' lang='lat'>3</span> <span class='ocrx_word' id='word_1_131' title='bbox 86 1767 430 1854; x_wconf 84' lang='lat' dir='ltr'>appetitionesanimae</span> <span class='ocrx_word' id='word_1_132' title='bbox 442 1769 573 1832; x_wconf 78' lang='lat' dir='ltr'>nascier</span> <span class='ocrx_word' id='word_1_133' title='bbox 587 1766 975 1856; x_wconf 87' lang='lat' dir='ltr'>perceptionibus.Deum</span> 
     </span>
     <span class='ocr_line' id='line_1_21' title="bbox 6 1855 973 1946; baseline 0.002 -26"><span class='ocrx_word' id='word_1_134' title='bbox 6 1907 8 1946; x_wconf 58' lang='grc'><strong>,</strong></span> <span class='ocrx_word' id='word_1_135' title='bbox 89 1873 196 1920; x_wconf 79' lang='lat' dir='ltr'>aurem</span> <span class='ocrx_word' id='word_1_136' title='bbox 210 1855 405 1922; x_wconf 88' lang='lat' dir='ltr'>harmoniam</span> <span class='ocrx_word' id='word_1_137' title='bbox 420 1875 542 1921; x_wconf 89' lang='lat' dir='ltr'>tantum</span> <span class='ocrx_word' id='word_1_138' title='bbox 557 1857 756 1922; x_wconf 85' lang='lat' dir='ltr'>constituisse</span> <span class='ocrx_word' id='word_1_139' title='bbox 769 1858 849 1938; x_wconf 84' lang='lat' dir='ltr'>inter</span> <span class='ocrx_word' id='word_1_140' title='bbox 865 1875 973 1924; x_wconf 86' lang='lat' dir='ltr'>motus</span> 
     </span>
     <span class='ocr_line' id='line_1_22' title="bbox 6 1944 976 2033; baseline 0.004 -25"><span class='ocrx_word' id='word_1_141' title='bbox 6 1999 7 2024; x_wconf 53' lang='lat'>,</span> <span class='ocrx_word' id='word_1_142' title='bbox 85 1963 261 2032; x_wconf 86' lang='lat' dir='ltr'>corporeos</span> <span class='ocrx_word' id='word_1_143' title='bbox 279 1965 311 2012; x_wconf 89' lang='lat' dir='ltr'>et</span> <span class='ocrx_word' id='word_1_144' title='bbox 325 1944 547 2033; x_wconf 84' lang='lat' dir='ltr'>perceptiones</span> <span class='ocrx_word' id='word_1_145' title='bbox 561 1947 699 2024; x_wconf 85' lang='lat' dir='ltr'>animae,</span> <span class='ocrx_word' id='word_1_146' title='bbox 717 1967 781 2012; x_wconf 91' lang='lat' dir='ltr'>non</span> <span class='ocrx_word' id='word_1_147' title='bbox 797 1967 873 2012; x_wconf 90' lang='lat' dir='ltr'>vero</span> <span class='ocrx_word' id='word_1_148' title='bbox 888 1946 976 2012; x_wconf 87' lang='lat' dir='ltr'>inter</span> 
     </span>
     <span class='ocr_line' id='line_1_23' title="bbox 6 2033 977 2122; baseline 0.002 -24"><span class='ocrx_word' id='word_1_149' title='bbox 6 2085 7 2114; x_wconf 54' lang='lat'>,</span> <span class='ocrx_word' id='word_1_150' title='bbox 84 2033 301 2120; x_wconf 85' lang='lat' dir='ltr'>appetitiones</span> <span class='ocrx_word' id='word_1_151' title='bbox 319 2035 385 2100; x_wconf 86' lang='lat' dir='ltr'>eius</span> <span class='ocrx_word' id='word_1_152' title='bbox 405 2037 465 2108; x_wconf 85' lang='lat' dir='ltr'>ita,</span> <span class='ocrx_word' id='word_1_153' title='bbox 488 2051 524 2098; x_wconf 90' lang='lat' dir='ltr'>ut</span> <span class='ocrx_word' id='word_1_154' title='bbox 539 2037 640 2099; x_wconf 88' lang='lat' dir='ltr'>anima</span> <span class='ocrx_word' id='word_1_155' title='bbox 657 2057 696 2101; x_wconf 87' lang='lat' dir='ltr'>err</span> <span class='ocrx_word' id='word_1_156' title='bbox 713 2033 977 2122; x_wconf 79' lang='lat' dir='ltr'>perceptionibus</span> 
     </span>
     <span class='ocr_line' id='line_1_24' title="bbox 6 2121 972 2218; baseline 0.004 -32"><span class='ocrx_word' id='word_1_157' title='bbox 6 2179 8 2198; x_wconf 85' lang='grc'><strong>,</strong></span> <span class='ocrx_word' id='word_1_158' title='bbox 83 2122 150 2186; x_wconf 89' lang='lat' dir='ltr'>suis</span> <span class='ocrx_word' id='word_1_159' title='bbox 168 2121 265 2189; x_wconf 88' lang='lat' dir='ltr'>libere</span> <span class='ocrx_word' id='word_1_160' title='bbox 281 2123 384 2218; x_wconf 64' lang='lat' dir='ltr'>eliciat</span> <span class='ocrx_word' id='word_1_161' title='bbox 401 2123 570 2188; x_wconf 85' lang='lat' dir='ltr'>volitiones</span> <span class='ocrx_word' id='word_1_162' title='bbox 584 2145 654 2188; x_wconf 89' lang='lat' dir='ltr'>suas</span> <span class='ocrx_word' id='word_1_163' title='bbox 678 2122 972 2210; x_wconf 79' lang='lat' dir='ltr'>independmrcra</span> 
     </span>
     <span class='ocr_line' id='line_1_25' title="bbox 6 2209 973 2300; baseline -0.005 -21"><span class='ocrx_word' id='word_1_164' title='bbox 6 2275 7 2288; x_wconf 68' lang='grc'>,</span> <span class='ocrx_word' id='word_1_165' title='bbox 83 2232 237 2300; x_wconf 71' lang='lat' dir='ltr'>corpore,</span> <span class='ocrx_word' id='word_1_166' title='bbox 252 2232 289 2277; x_wconf 88' lang='lat' dir='ltr'>ut</span> <span class='ocrx_word' id='word_1_167' title='bbox 308 2229 383 2299; x_wconf 90' lang='lat' dir='ltr'>pote</span> <span class='ocrx_word' id='word_1_168' title='bbox 395 2213 478 2278; x_wconf 68' lang='lat' dir='ltr'>tales·</span> <span class='ocrx_word' id='word_1_169' title='bbox 486 2209 620 2289; x_wconf 85' lang='lat' dir='ltr'>futuras,</span> <span class='ocrx_word' id='word_1_170' title='bbox 633 2210 748 2277; x_wconf 85' lang='lat' dir='ltr'>etiamsi</span> <span class='ocrx_word' id='word_1_171' title='bbox 765 2210 886 2277; x_wconf 90' lang='lat' dir='ltr'>nullum</span> <span class='ocrx_word' id='word_1_172' title='bbox 897 2231 973 2274; x_wconf 82' lang='lat' dir='ltr'>cor·</span> 
     </span>
     <span class='ocr_line' id='line_1_26' title="bbox 84 2297 973 2387; baseline 0 -23"><span class='ocrx_word' id='word_1_173' title='bbox 84 2319 149 2387; x_wconf 89' lang='lat' dir='ltr'>pus</span> <span class='ocrx_word' id='word_1_174' title='bbox 162 2300 224 2386; x_wconf 87' lang='lat' dir='ltr'>ipsi</span> <span class='ocrx_word' id='word_1_175' title='bbox 237 2303 450 2384; x_wconf 71' lang='lat' dir='ltr'>coimisteret.</span> <span class='ocrx_word' id='word_1_176' title='bbox 464 2301 540 2368; x_wconf 88' lang='lat' dir='ltr'>Hoc</span> <span class='ocrx_word' id='word_1_177' title='bbox 552 2297 851 2367; x_wconf 85' lang='lat' dir='ltr'>est.celeherrimum</span> <span class='ocrx_word' id='word_1_178' title='bbox 865 2316 973 2386; x_wconf 66' lang='lat' dir='ltr'>syster·</span> 
     </span>
     <span class='ocr_line' id='line_1_27' title="bbox 83 2385 972 2478; baseline 0 -26"><span class='ocrx_word' id='word_1_179' title='bbox 83 2409 159 2462; x_wconf 76' lang='lat' dir='ltr'>sna,</span> <span class='ocrx_word' id='word_1_180' title='bbox 176 2389 263 2475; x_wconf 84' lang='lat' dir='ltr'>quod</span> <span class='ocrx_word' id='word_1_181' title='bbox 276 2389 444 2456; x_wconf 76' lang='lat' dir='ltr'>harmonia</span> <span class='ocrx_word' id='word_1_182' title='bbox 452 2386 840 2478; x_wconf 67' lang='lat' dir='ltr'>praestabilitedicitur,</span> <span class='ocrx_word' id='word_1_183' title='bbox 857 2385 889 2452; x_wconf 91' lang='lat' dir='ltr'>in</span> <span class='ocrx_word' id='word_1_184' title='bbox 900 2409 972 2474; x_wconf 85' lang='lat' dir='ltr'>·quo</span> 
     </span>
     <span class='ocr_line' id='line_1_28' title="bbox 84 2475 971 2564; baseline 0.001 -23"><span class='ocrx_word' id='word_1_185' title='bbox 84 2475 359 2564; x_wconf 65' lang='lat' dir='ltr'>quidem‘praeter</span> <span class='ocrx_word' id='word_1_186' title='bbox 375 2480 449 2543; x_wconf 86' lang='lat' dir='ltr'>alias</span> <span class='ocrx_word' id='word_1_187' title='bbox 467 2479 614 2564; x_wconf 87' lang='lat' dir='ltr'>plurimas</span> <span class='ocrx_word' id='word_1_188' title='bbox 626 2476 747 2544; x_wconf 80' lang='lat' dir='ltr'>deinde</span> <span class='ocrx_word' id='word_1_189' title='bbox 764 2479 971 2563; x_wconf 84' lang='lat' dir='ltr'>exponendas</span> 
     </span>
     <span class='ocr_line' id='line_1_29' title="bbox 81 2564 970 2655; baseline -0.001 -23"><span class='ocrx_word' id='word_1_190' title='bbox 81 2564 302 2648; x_wconf 78' lang='lat' dir='ltr'>difficultates,</span> <span class='ocrx_word' id='word_1_191' title='bbox 316 2566 390 2635; x_wconf 84' lang='lat' dir='ltr'>haec</span> <span class='ocrx_word' id='word_1_192' title='bbox 401 2586 537 2632; x_wconf 85' lang='lat' dir='ltr'>remanet</span> <span class='ocrx_word' id='word_1_193' title='bbox 547 2567 750 2655; x_wconf 79' lang='lat' dir='ltr'>grauissima,</span> <span class='ocrx_word' id='word_1_194' title='bbox 765 2565 970 2649; x_wconf 82' lang='lat' dir='ltr'>quod&#39;motus</span> 
     </span>
    </p>

    <p class='ocr_par' dir='ltr' id='par_1_6' title="bbox 6 2656 971 3101">
     <span class='ocr_line' id='line_1_30' title="bbox 6 2656 969 2742; baseline 0 -24"><span class='ocrx_word' id='word_1_195' title='bbox 6 2723 7 2736; x_wconf 21' lang='lat' dir='ltr'>p</span> <span class='ocrx_word' id='word_1_196' title='bbox 84 2657 232 2742; x_wconf 67' lang='lat' dir='ltr'>eorporis</span> <span class='ocrx_word' id='word_1_197' title='bbox 245 2656 307 2720; x_wconf 89' lang='lat' dir='ltr'>sint</span> <span class='ocrx_word' id='word_1_198' title='bbox 318 2656 491 2733; x_wconf 86' lang='lat' dir='ltr'>necessarii,</span> <span class='ocrx_word' id='word_1_199' title='bbox 505 2677 604 2740; x_wconf 88' lang='lat' dir='ltr'>quum</span> <span class='ocrx_word' id='word_1_200' title='bbox 617 2657 666 2720; x_wconf 87' lang='lat' dir='ltr'>alii</span> <span class='ocrx_word' id='word_1_201' title='bbox 679 2675 822 2730; x_wconf 81' lang='lat' dir='ltr'>essenon</span> <span class='ocrx_word' id='word_1_202' title='bbox 835 2659 969 2741; x_wconf 87' lang='lat' dir='ltr'>possint,</span> 
     </span>
     <span class='ocr_line' id='line_1_31' title="bbox 83 2741 970 2832; baseline 0.001 -24"><span class='ocrx_word' id='word_1_203' title='bbox 83 2763 183 2830; x_wconf 79' lang='lat' dir='ltr'>quam</span> <span class='ocrx_word' id='word_1_204' title='bbox 203 2745 257 2832; x_wconf 91' lang='lat' dir='ltr'>qui</span> <span class='ocrx_word' id='word_1_205' title='bbox 283 2762 355 2809; x_wconf 85' lang='lat' dir='ltr'>sunt</span> <span class='ocrx_word' id='word_1_206' title='bbox 376 2761 463 2810; x_wconf 87' lang='lat' dir='ltr'>actu.</span> <span class='ocrx_word' id='word_1_207' title='bbox 485 2744 529 2808; x_wconf 88' lang='lat' dir='ltr'>Et</span> <span class='ocrx_word' id='word_1_208' title='bbox 549 2744 676 2832; x_wconf 85' lang='lat' dir='ltr'>quidem</span> <span class='ocrx_word' id='word_1_209' title='bbox 701 2741 875 2812; x_wconf 74' lang='lat' dir='ltr'>leibnitius</span> <span class='ocrx_word' id='word_1_210' title='bbox 899 2744 970 2830; x_wconf 87' lang='lat' dir='ltr'>ipse</span> 
     </span>
     <span class='ocr_line' id='line_1_32' title="bbox 83 2833 970 2921; baseline -0.002 -25"><span class='ocrx_word' id='word_1_211' title='bbox 83 2853 188 2917; x_wconf 75' lang='lat' dir='ltr'>quum</span> <span class='ocrx_word' id='word_1_212' title='bbox 202 2833 339 2899; x_wconf 78' lang='lat' dir='ltr'>absurda</span> <span class='ocrx_word' id='word_1_213' title='bbox 354 2834 487 2921; x_wconf 83' lang='lat' dir='ltr'>plurima</span> <span class='ocrx_word' id='word_1_214' title='bbox 499 2833 601 2918; x_wconf 85' lang='lat' dir='ltr'>probe</span> <span class='ocrx_word' id='word_1_215' title='bbox 615 2833 820 2920; x_wconf 84' lang='lat' dir='ltr'>intelligeret,</span> <span class='ocrx_word' id='word_1_216' title='bbox 835 2853 916 2915; x_wconf 85' lang='lat' dir='ltr'>quae</span> <span class='ocrx_word' id='word_1_217' title='bbox 930 2851 970 2894; x_wconf 79' lang='lat' dir='ltr'>ex</span> 
     </span>
     <span class='ocr_line' id='line_1_33' title="bbox 80 2918 970 3012; baseline -0.001 -29"><span class='ocrx_word' id='word_1_218' title='bbox 80 2918 371 3012; x_wconf 79' lang='lat' dir='ltr'>ipsius-hypothesi</span> <span class='ocrx_word' id='word_1_219' title='bbox 388 2924 560 2988; x_wconf 82' lang='lat' dir='ltr'>necessario</span> <span class='ocrx_word' id='word_1_220' title='bbox 576 2919 763 2995; x_wconf 84' lang='lat' dir='ltr'>manabant,</span> <span class='ocrx_word' id='word_1_221' title='bbox 774 2919 909 3004; x_wconf 85' lang='lat' dir='ltr'>ingenue</span> <span class='ocrx_word' id='word_1_222' title='bbox 926 2935 970 2982; x_wconf 88' lang='lat' dir='ltr'>te·</span> 
     </span>
     <span class='ocr_line' id='line_1_34' title="bbox 77 3002 971 3101; baseline -0.004 -29"><span class='ocrx_word' id='word_1_223' title='bbox 77 3023 189 3086; x_wconf 78' lang='lat' dir='ltr'>status</span> <span class='ocrx_word' id='word_1_224' title='bbox 199 3028 246 3081; x_wconf 82' lang='lat' dir='ltr'>est</span> <span class='ocrx_word' id='word_1_225' title='bbox 255 3055 267 3094; x_wconf 86' lang='lat'>,</span> <span class='ocrx_word' id='word_1_226' title='bbox 276 3032 316 3098; x_wconf 69' lang='lat' dir='ltr'>,te</span> <span class='ocrx_word' id='word_1_227' title='bbox 326 3009 535 3101; x_wconf 79' lang='lat' dir='ltr'>hypothesim</span> <span class='ocrx_word' id='word_1_228' title='bbox 547 3007 630 3076; x_wconf 71' lang='lat' dir='ltr'>illam</span> <span class='ocrx_word' id='word_1_229' title='bbox 636 3031 707 3076; x_wconf 86' lang='lat' dir='ltr'>non</span> <span class='ocrx_word' id='word_1_230' title='bbox 722 3007 805 3076; x_wconf 83' lang='lat' dir='ltr'>serio</span> <span class='ocrx_word' id='word_1_231' title='bbox 816 3002 971 3094; x_wconf 69' lang='lat' dir='ltr'>grauiter·</span> 
     </span>
    </p>
   </div>
   <div class='ocr_carea' id='block_1_2' title="bbox 0 0 1136 3420">
    <p class='ocr_par' dir='ltr' id='par_1_7' title="bbox 0 0 1136 3420">
     <span class='ocr_line' id='line_1_35' title="bbox 0 0 1136 3420; baseline 0 1"><span class='ocrx_word' id='word_1_232' title='bbox 0 0 1136 3420; x_wconf 95' lang='lat' dir='ltr'> </span> 
     </span>
    </p>
   </div>
  </div>
 </body>
</html>
