2270 3416
156 72 219 126 tta
429 72 615 120 tttsrttvr.
638 71 773 118 rnttos.

152 139 225 206 Deo
248 140 280 206 in
308 142 402 208 sacris
432 145 595 231 scripturis
618 142 821 218 tribuuntur,
844 163 880 206 ac
904 139 1061 229 'proinde

154 253 194 298 cx
219 230 276 294 hac
299 232 366 294 sola
390 236 522 296 notione
549 249 634 319 patet
659 231 822 296 existentia
846 231 915 295 Dei.

223 319 384 385 Praeterea
418 322 447 384 in
478 321 549 386 Deo
579 322 759 384 continetur
787 323 865 382 tatio
890 316 1057 384 sufficiens

153 407 334 474 existentiae
358 409 465 472 muntii
489 409 580 472 huius
594 407 834 494 adspectabiiis.
856 407 953 470 Ratio
972 431 1055 472 veto

153 497 276 572 estid,
300 500 383 562 unde
406 498 610 584 intelligitur,
635 517 692 561 cur
721 496 839 580 aliquid
864 497 972 582 potius
998 499 1054 576 sit,

155 605 249 668 quant
273 607 338 650 non
361 587 409 648 tit.
434 588 571 650 Necesse
595 604 641 650 est
663 606 762 671 ergo,
783 603 817 648 ut
835 585 914 648 *Deo
931 607 969 650 ea
989 587 1054 648 tri-

153 671 292 740 buantur
310 674 515 754 praedicata,
535 697 591 758 per
609 697 690 760 quae
706 673 835 760 inteliigi
852 672 974 758 possit,
992 696 1054 738 cur

154 759 205 822 hic
222 762 357 824 mundus
376 765 479 846 potius
501 767 611 828 existat
629 784 724 848 quam
746 763 834 826 alius.
849 762 950 826 Porro
969 764 1071 848 ratio¹

155 847 312 919 sufficiens
338 853 522 916 existentiae
546 853 653 916 mundi
669 853 698 912 in
712 852 822 914 atomis
838 869 890 914 aut
905 853 1050 914 elemen-

154 937 194 1002 tis
211 959 264 1002 seu
280 938 384 1023 pritnis
403 941 592 1026 internisque
608 961 780 1024 corporum
796 939 954 1025 principiis
971 960 1049 1002 cort·

156 1025 246 1090 tineri
263 1049 326 1090 non
344 1047 464 1114 potest:
482 1047 517 1092 ut
533 1028 644 1092 dicunt
662 1025 758 1090 athei.
779 1028 862 1089 Natn
886 1027 932 1089 ιθ
946 1028 971 1090 si
987 1026 1052 1090 hoc

156 1135 265 1181 vetunt
282 1133 380 1192 esset,
402 1118 537 1180 mundus
555 1116 700 1180 absoluta
726 1117 906 1180 necessitate
929 1116 1054 1181 existe-

156 1225 223 1281 ret,
245 1223 390 1288 essetque
413 1204 547 1289 proinde
569 1227 624 1270 ens
650 1207 854 1268 necessarium
880 1225 936 1268 seu
955 1225 1051 1268 ensa

157 1315 214 1363 se,
246 1293 335 1377 quod
367 1293 540 1358 absurdum
566 1315 635 1357 esse
664 1292 956 1381 demonstrauimus.
991 1293 1050 1358 ιι.ο

156 1379 278 1446 Nullus
299 1381 396 1444 tnaior
419 1382 603 1446 existentiae
617 1381 749 1468 gradus,
766 1382 849 1444 nulia
863 1383 960 1444 utaior
978 1403 1053 1466 per·

157 1463 252 1532 sectio
275 1473 398 1555 concipi
422 1489 530 1556 potest
555 1491 648 1555 quant
671 1470 832 1534 existentia
859 1469 1052 1534 necessaria.

156 1554 259 1644 Igitur
290 1559 471 1624 existentiae
506 1559 697 1623 necessariae
722 1559 837 1644 gradus
857 1574 903 1622 est
929 1556 1055 1622 infinite

157 1649 316 1722 sutntnus,
335 1644 488 1730 perfectio
504 1648 631 1710 infinita.
647 1645 747 1710 Porto
763 1646 857 1710 atomi
876 1664 948 1708 sunt
964 1648 1054 1710 entia

156 1734 243 1798 finita
264 1755 359 1816 atque
375 1737 514 1810 limitata.
533 1734 641 1812 Quum
661 1723 740 1820 ‘ergo
763 1733 925 1800 existentia
947 1733 1053 1797 abso-

156 1821 222 1888 lute
241 1824 412 1888 necessaria
428 1825 465 1888 sit
483 1821 634 1910 perfectio
650 1823 788 1901 infinita,
811 1821 933 1887 entibus
954 1823 1053 1887 finitis

157 1934 192 1978 ea
217 1912 384 1993 convenire
405 1915 531 1998 nequit,
556 1912 611 1977 sed
633 1931 754 1976 tanturn
772 1911 835 1976 enti
851 1910 985 1974 infinito.
1006 1911 1053 1976 Si-

157 2002 220 2086 tniii
243 2002 362 2064 tatione
381 2018 492 2087 patet,
516 1999 632 2064 animas
653 2018 774 2064 nostras
800 2020 862 2062 non
880 2019 946 2064 esse
963 1999 1053 2064 entia

121 2135 123 2140 -
159 2109 240 2162 atet
254 2091 324 2170 quia
340 2109 416 2154 vero
428 2091 545 2152 animae
557 2086 745 2175 corporibus
759 2083 946 2152 coniunctae
959 2105 1050 2166 sunt,

158 2196 247 2262 patet
269 2176 390 2240 illatum
413 2177 595 2243 existentiae
616 2176 769 2242 ratiouent
786 2177 938 2240 contineri
954 2177 983 2238 in
1009 2177 1052 2240 il-

158 2265 301 2345 luente,
325 2265 355 2330 in
380 2289 447 2353 quo
462 2285 506 2330 est
523 2267 603 2330 ratio
626 2265 810 2331 existentiae
827 2265 921 2329 totius
939 2265 1054 2330 mundi

158 2341 248 2418 isitius
272 2354 507 2439 adspectabiiis.
532 2355 625 2419 Deus
641 2375 716 2440 ergo
738 2371 784 2418 est
806 2375 859 2418 ens
882 2353 1051 2432 infinitum,

159 2443 274 2526 inquo
297 2446 479 2508 continetur
499 2445 578 2504 ratio
596 2441 777 2508 existentiae
801 2443 896 2504 totius
923 2445 1052 2520 muntii,

160 2536 298 2618 partiunt
313 2532 430 2610 ipsius,
453 2532 679 2596 elementorum
696 2549 727 2596 et
741 2530 923 2594 animatum.
948 2527 1053 2617 Igitur

160 2635 248 2682 totus
266 2620 399 2681 mundus
419 2618 652 2700 adspectabiiis,
667 2636 771 2706 partes
787 2620 897 2705 ipsius,
913 2618 1056 2684 elemen-

161 2720 194 2769 ta
209 2722 240 2770 et
256 2708 374 2772 anitu'te
390 2725 462 2770 sunt
476 2707 557 2771 entia
572 2707 804 2794 contingentia,
818 2729 955 2793 quotum
972 2707 1056 2772 exis·

159 2795 275 2859 tentiae
294 2799 386 2856 ‘ratio
409 2797 439 2857 in
470 2795 543 2857 Deo
564 2796 769 2870 continetur,
801 2817 888 2880 quae¹
914 2797 1051 2879 proinde

123 2921 127 2930 ι
161 2881 357 2944 existentiam
386 2887 472 2944 suant
501 2905 517 2944 a
546 2883 617 2946 Deo
643 2883 806 2968 recipiunt.
838 2883 923 2947 Deus
956 2885 1053 2970 igitur

172 2961 237 3031 “it
259 2965 413 3032 mundum
437 2969 681 3056 adspectabiient
702 2991 776 3036 ¹cunt
796 2971 888 3058 ipsius
909 2971 1052 3057 parttbus
