<?xml version="1.0" encoding="UTF-8"?>
<!DOCTYPE html PUBLIC "-//W3C//DTD XHTML 1.0 Transitional//EN"
    "http://www.w3.org/TR/xhtml1/DTD/xhtml1-transitional.dtd">
<html xmlns="http://www.w3.org/1999/xhtml" xml:lang="en" lang="en">
 <head>
  <title>
</title>
<meta http-equiv="Content-Type" content="text/html;charset=utf-8" />
  <meta name='ocr-system' content='tesseract 3.04.00' />
  <meta name='ocr-capabilities' content='ocr_page ocr_carea ocr_par ocr_line ocrx_word'/>
</head>
<body>
  <div class='ocr_page' id='page_1' title='image "./institutionesph00jacqgoog_0276.png"; bbox 0 0 2326 3438; ppageno 0'>
   <div class='ocr_carea' id='block_1_1' title="bbox 17 141 930 2998">
    <p class='ocr_par' dir='ltr' id='par_1_1' title="bbox 236 141 919 234">
     <span class='ocr_line' id='line_1_1' title="bbox 236 141 919 234; baseline 0.006 -22"><span class='ocrx_word' id='word_1_1' title='bbox 236 163 323 214; x_wconf 73' lang='lat' dir='ltr'>rans</span> <span class='ocrx_word' id='word_1_2' title='bbox 344 161 404 212; x_wconf 81' lang='lat' dir='ltr'>ns.</span> <span class='ocrx_word' id='word_1_3' title='bbox 427 141 588 213; x_wconf 72' lang='lat' dir='ltr'>sonions.</span> <span class='ocrx_word' id='word_1_4' title='bbox 606 163 685 214; x_wconf 76' lang='lat' dir='ltr'>osu.</span> <span class='ocrx_word' id='word_1_5' title='bbox 709 160 753 212; x_wconf 83' lang='lat' dir='ltr'>rr.</span> <span class='ocrx_word' id='word_1_6' title='bbox 856 165 919 234; x_wconf 69' lang='grc' dir='ltr'>ης</span> 
     </span>
    </p>

    <p class='ocr_par' dir='ltr' id='par_1_2' title="bbox 147 229 924 324">
     <span class='ocr_line' id='line_1_2' title="bbox 147 229 924 324; baseline 0.005 -24"><span class='ocrx_word' id='word_1_7' title='bbox 147 229 182 300; x_wconf 77' lang='lat' dir='ltr'>si</span> <span class='ocrx_word' id='word_1_8' title='bbox 195 237 266 320; x_wconf 83' lang='lat' dir='ltr'>quit</span> <span class='ocrx_word' id='word_1_9' title='bbox 280 235 476 310; x_wconf 76' lang='lat' dir='ltr'>econtrario</span> <span class='ocrx_word' id='word_1_10' title='bbox 491 236 536 302; x_wconf 90' lang='lat' dir='ltr'>sic</span> <span class='ocrx_word' id='word_1_11' title='bbox 552 249 791 324; x_wconf 74' lang='lat' dir='ltr'>argumentetur</span> <span class='ocrx_word' id='word_1_12' title='bbox 808 259 817 299; x_wconf 77' lang='lat' dir='ltr'>r</span> <span class='ocrx_word' id='word_1_13' title='bbox 843 243 924 323; x_wconf 75' lang='lat' dir='ltr'>qui·</span> 
     </span>
    </p>

    <p class='ocr_par' dir='ltr' id='par_1_3' title="bbox 29 314 926 946">
     <span class='ocr_line' id='line_1_3' title="bbox 29 314 924 416; baseline 0.009 -30"><span class='ocrx_word' id='word_1_14' title='bbox 29 314 31 342; x_wconf 64' lang='lat'><strong>³</strong></span> <span class='ocrx_word' id='word_1_15' title='bbox 76 335 221 412; x_wconf 67' lang='lat' dir='ltr'>emaque</span> <span class='ocrx_word' id='word_1_16' title='bbox 245 347 307 392; x_wconf 83' lang='lat' dir='ltr'>nort</span> <span class='ocrx_word' id='word_1_17' title='bbox 324 335 442 416; x_wconf 77' lang='lat' dir='ltr'>&#39;potest</span> <span class='ocrx_word' id='word_1_18' title='bbox 468 328 634 403; x_wconf 75' lang='lat' dir='ltr'>scribere,</span> <span class='ocrx_word' id='word_1_19' title='bbox 658 320 718 390; x_wconf 78' lang='lat' dir='ltr'>ilie</span> <span class='ocrx_word' id='word_1_20' title='bbox 742 345 804 390; x_wconf 82' lang='lat' dir='ltr'>raon</span> <span class='ocrx_word' id='word_1_21' title='bbox 823 323 924 394; x_wconf 71' lang='lat' dir='ltr'>labar</span> 
     </span>
     <span class='ocr_line' id='line_1_4' title="bbox 72 411 925 496; baseline 0.011 -24"><span class='ocrx_word' id='word_1_22' title='bbox 72 415 263 496; x_wconf 69' lang='lat' dir='ltr'>potentiam</span> <span class='ocrx_word' id='word_1_23' title='bbox 291 411 461 480; x_wconf 74' lang='lat' dir='ltr'>scribendi</span> <span class='ocrx_word' id='word_1_24' title='bbox 473 436 489 491; x_wconf 87' lang='lat'>,·</span> <span class='ocrx_word' id='word_1_25' title='bbox 511 413 574 480; x_wconf 83' lang='lat' dir='ltr'>sed</span> <span class='ocrx_word' id='word_1_26' title='bbox 595 412 683 478; x_wconf 81' lang='lat' dir='ltr'>humo</span> <span class='ocrx_word' id='word_1_27' title='bbox 704 413 847 480; x_wconf 79' lang='lat' dir='ltr'>scribere</span> <span class='ocrx_word' id='word_1_28' title='bbox 862 436 925 496; x_wconf 72' lang='lat' dir='ltr'>nort</span> 
     </span>
     <span class='ocr_line' id='line_1_5' title="bbox 74 498 924 591; baseline 0.011 -29"><span class='ocrx_word' id='word_1_29' title='bbox 74 511 210 584; x_wconf 78' lang='lat' dir='ltr'>potest,</span> <span class='ocrx_word' id='word_1_30' title='bbox 229 498 312 569; x_wconf 78' lang='lat' dir='ltr'>dum</span> <span class='ocrx_word' id='word_1_31' title='bbox 327 501 436 591; x_wconf 54' lang='lat' dir='ltr'>legin·</span> <span class='ocrx_word' id='word_1_32' title='bbox 452 523 526 590; x_wconf 81' lang='lat' dir='ltr'>ergo</span> <span class='ocrx_word' id='word_1_33' title='bbox 543 501 629 568; x_wconf 78' lang='lat' dir='ltr'>homo</span> <span class='ocrx_word' id='word_1_34' title='bbox 643 547 655 580; x_wconf 87' lang='lat'><em>,</em></span> <span class='ocrx_word' id='word_1_35' title='bbox 671 500 748 566; x_wconf 85' lang='lat' dir='ltr'>dum</span> <span class='ocrx_word' id='word_1_36' title='bbox 764 500 844 590; x_wconf 78' lang='lat' dir='ltr'>legit</span> <span class='ocrx_word' id='word_1_37' title='bbox 861 527 924 579; x_wconf 80' lang='lat' dir='ltr'>non</span> 
     </span>
     <span class='ocr_line' id='line_1_6' title="bbox 79 582 925 680; baseline 0.002 -31"><span class='ocrx_word' id='word_1_38' title='bbox 79 582 176 652; x_wconf 83' lang='lat' dir='ltr'>habet</span> <span class='ocrx_word' id='word_1_39' title='bbox 190 593 383 677; x_wconf 83' lang='lat' dir='ltr'>potentiam</span> <span class='ocrx_word' id='word_1_40' title='bbox 404 590 597 668; x_wconf 82' lang='lat' dir='ltr'>scribendi;</span> <span class='ocrx_word' id='word_1_41' title='bbox 627 591 829 678; x_wconf 78' lang='lat' dir='ltr'>syllogismus</span> <span class='ocrx_word' id='word_1_42' title='bbox 845 593 925 680; x_wconf 82' lang='lat' dir='ltr'>plu..</span> 
     </span>
     <span class='ocr_line' id='line_1_7' title="bbox 75 675 925 765; baseline 0.004 -27"><span class='ocrx_word' id='word_1_43' title='bbox 75 692 124 754; x_wconf 69' lang='lat' dir='ltr'>nes</span> <span class='ocrx_word' id='word_1_44' title='bbox 150 675 255 746; x_wconf 84' lang='lat' dir='ltr'>habet</span> <span class='ocrx_word' id='word_1_45' title='bbox 281 701 375 765; x_wconf 91' lang='lat' dir='ltr'>quam</span> <span class='ocrx_word' id='word_1_46' title='bbox 401 696 464 746; x_wconf 86' lang='lat' dir='ltr'>tres</span> <span class='ocrx_word' id='word_1_47' title='bbox 490 679 651 746; x_wconf 81' lang='lat' dir='ltr'>terminos.</span> <span class='ocrx_word' id='word_1_48' title='bbox 681 679 848 758; x_wconf 82' lang='lat' dir='ltr'>Quoniam</span> <span class='ocrx_word' id='word_1_49' title='bbox 868 705 925 752; x_wconf 77' lang='lat' dir='ltr'>ve-</span> 
     </span>
     <span class='ocr_line' id='line_1_8' title="bbox 75 763 926 858; baseline 0.014 -30"><span class='ocrx_word' id='word_1_50' title='bbox 75 781 112 828; x_wconf 93' lang='lat' dir='ltr'>ro</span> <span class='ocrx_word' id='word_1_51' title='bbox 137 763 170 830; x_wconf 90' lang='lat' dir='ltr'>in</span> <span class='ocrx_word' id='word_1_52' title='bbox 200 768 327 839; x_wconf 83' lang='lat' dir='ltr'>maiore</span> <span class='ocrx_word' id='word_1_53' title='bbox 353 768 622 858; x_wconf 83' lang='lat' dir='ltr'>distinguuntur,</span> <span class='ocrx_word' id='word_1_54' title='bbox 655 790 736 853; x_wconf 84' lang='lat' dir='ltr'>quae</span> <span class='ocrx_word' id='word_1_55' title='bbox 763 769 926 858; x_wconf 72' lang='lat' dir='ltr'>irroganda</span> 
     </span>
     <span class='ocr_line' id='line_1_9' title="bbox 74 856 925 946; baseline 0.006 -30"><span class='ocrx_word' id='word_1_56' title='bbox 74 869 198 934; x_wconf 76' lang='lat' dir='ltr'>urant,</span> <span class='ocrx_word' id='word_1_57' title='bbox 223 877 320 926; x_wconf 81' lang='lat' dir='ltr'>actus</span> <span class='ocrx_word' id='word_1_58' title='bbox 343 879 457 944; x_wconf 81' lang='lat' dir='ltr'>nempe</span> <span class='ocrx_word' id='word_1_59' title='bbox 481 856 604 946; x_wconf 86' lang='lat' dir='ltr'>legendi</span> <span class='ocrx_word' id='word_1_60' title='bbox 624 874 656 921; x_wconf 83' lang='lat' dir='ltr'>et</span> <span class='ocrx_word' id='word_1_61' title='bbox 680 860 825 943; x_wconf 85' lang='lat' dir='ltr'>potentia</span> <span class='ocrx_word' id='word_1_62' title='bbox 847 862 925 926; x_wconf 69' lang='lat' dir='ltr'>sori·</span> 
     </span>
    </p>

    <p class='ocr_par' dir='ltr' id='par_1_4' title="bbox 20 935 930 1214">
     <span class='ocr_line' id='line_1_10' title="bbox 20 935 925 1033; baseline 0.014 -32"><span class='ocrx_word' id='word_1_63' title='bbox 20 964 21 975; x_wconf 52' lang='lat'><em>*</em></span> <span class='ocrx_word' id='word_1_64' title='bbox 74 935 208 1022; x_wconf 79' lang='lat' dir='ltr'>bendi3</span> <span class='ocrx_word' id='word_1_65' title='bbox 239 947 314 1014; x_wconf 83' lang='lat' dir='ltr'>ideo</span> <span class='ocrx_word' id='word_1_66' title='bbox 340 945 533 1033; x_wconf 76' lang='lat' dir='ltr'>sophismata</span> <span class='ocrx_word' id='word_1_67' title='bbox 559 945 734 1012; x_wconf 72' lang='lat' dir='ltr'>istiusmodi</span> <span class='ocrx_word' id='word_1_68' title='bbox 757 949 925 1033; x_wconf 68' lang='lat' dir='ltr'>appellan-</span> 
     </span>
     <span class='ocr_line' id='line_1_11' title="bbox 76 1029 924 1122; baseline 0.014 -32"><span class='ocrx_word' id='word_1_69' title='bbox 76 1043 130 1092; x_wconf 87' lang='lat' dir='ltr'>tur</span> <span class='ocrx_word' id='word_1_70' title='bbox 149 1029 326 1114; x_wconf 79' lang='lat' dir='ltr'><em>fallaciae</em></span> <span class='ocrx_word' id='word_1_71' title='bbox 350 1035 546 1118; x_wconf 81' lang='lat' dir='ltr'>divisionis,</span> <span class='ocrx_word' id='word_1_72' title='bbox 577 1052 608 1100; x_wconf 86' lang='lat' dir='ltr'>et</span> <span class='ocrx_word' id='word_1_73' title='bbox 636 1035 690 1122; x_wconf 90' lang='lat' dir='ltr'>qui</span> <span class='ocrx_word' id='word_1_74' title='bbox 716 1033 750 1098; x_wconf 87' lang='lat' dir='ltr'>iis</span> <span class='ocrx_word' id='word_1_75' title='bbox 777 1051 924 1118; x_wconf 79' lang='lat' dir='ltr'>utuntur,</span> 
     </span>
     <span class='ocr_line' id='line_1_12' title="bbox 78 1124 930 1214; baseline 0.014 -30"><span class='ocrx_word' id='word_1_76' title='bbox 78 1124 299 1206; x_wconf 85' lang='lat' dir='ltr'>argumentari</span> <span class='ocrx_word' id='word_1_77' title='bbox 327 1124 474 1193; x_wconf 80' lang='lat' dir='ltr'>dicumm</span> <span class='ocrx_word' id='word_1_78' title='bbox 502 1150 525 1192; x_wconf 84' lang='lat' dir='ltr'>a</span> <span class='ocrx_word' id='word_1_79' title='bbox 551 1146 647 1191; x_wconf 84' lang='lat' dir='ltr'>serrsu</span> <span class='ocrx_word' id='word_1_80' title='bbox 673 1129 846 1214; x_wconf 79' lang='lat' dir='ltr'>composito</span> <span class='ocrx_word' id='word_1_81' title='bbox 876 1127 930 1196; x_wconf 80' lang='lat' dir='ltr'>ad</span> 
     </span>
    </p>

    <p class='ocr_par' dir='ltr' id='par_1_5' title="bbox 17 1203 247 1287">
     <span class='ocr_line' id='line_1_13' title="bbox 17 1203 247 1287; baseline 0.03 -16"><span class='ocrx_word' id='word_1_82' title='bbox 17 1263 18 1287; x_wconf 26' lang='lat'>¹</span> <span class='ocrx_word' id='word_1_83' title='bbox 79 1203 247 1278; x_wconf 75' lang='lat' dir='ltr'>divisum.</span> 
     </span>
    </p>

    <p class='ocr_par' dir='ltr' id='par_1_6' title="bbox 17 1296 927 2545">
     <span class='ocr_line' id='line_1_14' title="bbox 17 1296 926 1392; baseline 0.002 -24"><span class='ocrx_word' id='word_1_84' title='bbox 17 1296 19 1313; x_wconf 80' lang='grc'><strong>”</strong></span> <span class='ocrx_word' id='word_1_85' title='bbox 127 1296 179 1368; x_wconf 90' lang='lat' dir='ltr'>V.</span> <span class='ocrx_word' id='word_1_86' title='bbox 229 1301 377 1372; x_wconf 88' lang='lat' dir='ltr'>Vitiosae</span> <span class='ocrx_word' id='word_1_87' title='bbox 399 1319 474 1368; x_wconf 89' lang='lat' dir='ltr'>sunt</span> <span class='ocrx_word' id='word_1_88' title='bbox 494 1303 780 1390; x_wconf 80' lang='lat' dir='ltr'>argumentationes</span> <span class='ocrx_word' id='word_1_89' title='bbox 805 1324 824 1368; x_wconf 86' lang='lat' dir='ltr'>a</span> <span class='ocrx_word' id='word_1_90' title='bbox 847 1324 926 1392; x_wconf 82' lang='lat' dir='ltr'>spe-</span> 
     </span>
     <span class='ocr_line' id='line_1_15' title="bbox 82 1381 924 1480; baseline 0.01 -30"><span class='ocrx_word' id='word_1_91' title='bbox 82 1381 130 1450; x_wconf 75' lang='lat' dir='ltr'>cie</span> <span class='ocrx_word' id='word_1_92' title='bbox 157 1408 221 1456; x_wconf 89' lang='lat' dir='ltr'>una</span> <span class='ocrx_word' id='word_1_93' title='bbox 242 1391 283 1458; x_wconf 89' lang='lat' dir='ltr'>ad</span> <span class='ocrx_word' id='word_1_94' title='bbox 312 1413 433 1480; x_wconf 85' lang='lat' dir='ltr'>genus,</span> <span class='ocrx_word' id='word_1_95' title='bbox 460 1390 501 1458; x_wconf 90' lang='lat' dir='ltr'>ab</span> <span class='ocrx_word' id='word_1_96' title='bbox 522 1389 684 1458; x_wconf 87' lang='lat' dir='ltr'>individuo</span> <span class='ocrx_word' id='word_1_97' title='bbox 709 1391 751 1456; x_wconf 87' lang='lat' dir='ltr'>ad</span> <span class='ocrx_word' id='word_1_98' title='bbox 772 1393 924 1478; x_wconf 82' lang='lat' dir='ltr'>speciem,</span> 
     </span>
     <span class='ocr_line' id='line_1_16' title="bbox 81 1479 925 1568; baseline 0.012 -34"><span class='ocrx_word' id='word_1_99' title='bbox 81 1489 178 1542; x_wconf 85' lang='lat' dir='ltr'>seua</span> <span class='ocrx_word' id='word_1_100' title='bbox 205 1480 393 1568; x_wconf 84' lang='lat' dir='ltr'>particulari</span> <span class='ocrx_word' id='word_1_101' title='bbox 420 1479 461 1546; x_wconf 84' lang='lat' dir='ltr'>ad</span> <span class='ocrx_word' id='word_1_102' title='bbox 489 1479 665 1554; x_wconf 83' lang='lat' dir='ltr'>univetsale</span> <span class='ocrx_word' id='word_1_103' title='bbox 679 1524 691 1556; x_wconf 86' lang='lat'>,</span> <span class='ocrx_word' id='word_1_104' title='bbox 720 1497 752 1556; x_wconf 72' lang='lat' dir='ltr'>et</span> <span class='ocrx_word' id='word_1_105' title='bbox 775 1502 793 1544; x_wconf 89' lang='lat' dir='ltr'>a</span> <span class='ocrx_word' id='word_1_106' title='bbox 816 1483 925 1568; x_wconf 71' lang='lat' dir='ltr'>specis</span> 
     </span>
     <span class='ocr_line' id='line_1_17' title="bbox 82 1566 926 1656; baseline 0.014 -34"><span class='ocrx_word' id='word_1_107' title='bbox 82 1578 143 1628; x_wconf 88' lang='lat' dir='ltr'>una</span> <span class='ocrx_word' id='word_1_108' title='bbox 169 1567 213 1634; x_wconf 87' lang='lat' dir='ltr'>atl</span> <span class='ocrx_word' id='word_1_109' title='bbox 240 1570 371 1634; x_wconf 83' lang='lat' dir='ltr'>alteram</span> <span class='ocrx_word' id='word_1_110' title='bbox 396 1568 546 1655; x_wconf 85' lang='lat' dir='ltr'>speciem.</span> <span class='ocrx_word' id='word_1_111' title='bbox 573 1568 734 1646; x_wconf 87' lang='lat' dir='ltr'>Quoniam</span> <span class='ocrx_word' id='word_1_112' title='bbox 763 1566 844 1630; x_wconf 80' lang='lat' dir='ltr'>enim</span> <span class='ocrx_word' id='word_1_113' title='bbox 870 1591 926 1656; x_wconf 84' lang='lat' dir='ltr'>ge·</span> 
     </span>
     <span class='ocr_line' id='line_1_18' title="bbox 81 1654 927 1752; baseline 0.001 -31"><span class='ocrx_word' id='word_1_114' title='bbox 81 1668 138 1752; x_wconf 61' lang='lat' dir='ltr'>ssus</span> <span class='ocrx_word' id='word_1_115' title='bbox 161 1677 232 1728; x_wconf 89' lang='lat' dir='ltr'>noo</span> <span class='ocrx_word' id='word_1_116' title='bbox 255 1659 397 1728; x_wconf 75' lang='lat' dir='ltr'>continet</span> <span class='ocrx_word' id='word_1_117' title='bbox 418 1659 497 1735; x_wconf 88' lang='lat' dir='ltr'>illa,</span> <span class='ocrx_word' id='word_1_118' title='bbox 523 1679 606 1742; x_wconf 83' lang='lat' dir='ltr'>quae</span> <span class='ocrx_word' id='word_1_119' title='bbox 630 1656 683 1720; x_wconf 90' lang='lat' dir='ltr'>uni</span> <span class='ocrx_word' id='word_1_120' title='bbox 706 1654 823 1742; x_wconf 88' lang='lat' dir='ltr'>speciei</span> <span class='ocrx_word' id='word_1_121' title='bbox 848 1679 927 1744; x_wconf 88' lang='lat' dir='ltr'>pro·</span> 
     </span>
     <span class='ocr_line' id='line_1_19' title="bbox 84 1747 926 1833; baseline 0.011 -28"><span class='ocrx_word' id='word_1_122' title='bbox 84 1756 149 1822; x_wconf 81' lang='lat' dir='ltr'>pria</span> <span class='ocrx_word' id='word_1_123' title='bbox 166 1761 273 1825; x_wconf 89' lang='lat' dir='ltr'>sunt,</span> <span class='ocrx_word' id='word_1_124' title='bbox 301 1769 360 1816; x_wconf 87' lang='lat' dir='ltr'>nec</span> <span class='ocrx_word' id='word_1_125' title='bbox 382 1747 505 1833; x_wconf 85' lang='lat' dir='ltr'>species</span> <span class='ocrx_word' id='word_1_126' title='bbox 520 1748 661 1812; x_wconf 88' lang='lat' dir='ltr'>continet</span> <span class='ocrx_word' id='word_1_127' title='bbox 682 1765 741 1823; x_wconf 83' lang='lat' dir='ltr'>ea,</span> <span class='ocrx_word' id='word_1_128' title='bbox 772 1767 856 1833; x_wconf 84' lang='lat' dir='ltr'>quae</span> <span class='ocrx_word' id='word_1_129' title='bbox 873 1747 926 1814; x_wconf 68' lang='lat' dir='ltr'>in«,-</span> 
     </span>
     <span class='ocr_line' id='line_1_20' title="bbox 84 1824 925 1926; baseline 0.004 -26"><span class='ocrx_word' id='word_1_130' title='bbox 84 1824 225 1902; x_wconf 78' lang='lat' dir='ltr'>dividuis</span> <span class='ocrx_word' id='word_1_131' title='bbox 239 1836 429 1926; x_wconf 84' lang='lat' dir='ltr'>quibusdam</span> <span class='ocrx_word' id='word_1_132' title='bbox 443 1835 609 1914; x_wconf 81' lang='lat' dir='ltr'>dumtaxat</span> <span class='ocrx_word' id='word_1_133' title='bbox 624 1836 752 1914; x_wconf 90' lang='lat' dir='ltr'>insunt,</span> <span class='ocrx_word' id='word_1_134' title='bbox 780 1857 838 1902; x_wconf 83' lang='lat' dir='ltr'>nec</span> <span class='ocrx_word' id='word_1_135' title='bbox 853 1855 925 1924; x_wconf 82' lang='lat' dir='ltr'>spe·</span> 
     </span>
     <span class='ocr_line' id='line_1_21' title="bbox 85 1915 925 2012; baseline 0.014 -29"><span class='ocrx_word' id='word_1_136' title='bbox 85 1915 145 1984; x_wconf 83' lang='lat' dir='ltr'>cies</span> <span class='ocrx_word' id='word_1_137' title='bbox 176 1945 244 1990; x_wconf 89' lang='lat' dir='ltr'>una</span> <span class='ocrx_word' id='word_1_138' title='bbox 273 1925 441 2002; x_wconf 84' lang='lat' dir='ltr'>continet,</span> <span class='ocrx_word' id='word_1_139' title='bbox 471 1945 553 2009; x_wconf 83' lang='lat' dir='ltr'>quae</span> <span class='ocrx_word' id='word_1_140' title='bbox 584 1923 672 1990; x_wconf 85' lang='lat' dir='ltr'>alteri</span> <span class='ocrx_word' id='word_1_141' title='bbox 703 1926 819 2012; x_wconf 84' lang='lat' dir='ltr'>speciei</span> <span class='ocrx_word' id='word_1_142' title='bbox 849 1943 925 1996; x_wconf 84' lang='lat' dir='ltr'>sunt</span> 
     </span>
     <span class='ocr_line' id='line_1_22' title="bbox 85 2012 922 2103; baseline 0.012 -31"><span class='ocrx_word' id='word_1_143' title='bbox 85 2012 245 2098; x_wconf 77' lang='lat' dir='ltr'>propria3</span> <span class='ocrx_word' id='word_1_144' title='bbox 274 2030 365 2103; x_wconf 79' lang='lat' dir='ltr'>patet</span> <span class='ocrx_word' id='word_1_145' title='bbox 388 2012 477 2078; x_wconf 83' lang='lat' dir='ltr'>salsas</span> <span class='ocrx_word' id='word_1_146' title='bbox 501 2033 567 2080; x_wconf 84' lang='lat' dir='ltr'>esse</span> <span class='ocrx_word' id='word_1_147' title='bbox 588 2013 644 2076; x_wconf 84' lang='lat' dir='ltr'>has</span> <span class='ocrx_word' id='word_1_148' title='bbox 672 2014 922 2099; x_wconf 75' lang='lat' dir='ltr'>propositionem</span> 
     </span>
     <span class='ocr_line' id='line_1_23' title="bbox 87 2099 925 2192; baseline 0.013 -33"><span class='ocrx_word' id='word_1_149' title='bbox 87 2100 256 2190; x_wconf 75' lang='lat' dir='ltr'>quidquid</span> <span class='ocrx_word' id='word_1_150' title='bbox 265 2106 389 2192; x_wconf 80' lang='lat' dir='ltr'>speciei</span> <span class='ocrx_word' id='word_1_151' title='bbox 402 2106 545 2168; x_wconf 81' lang='lat' dir='ltr'>conuenit</span> <span class='ocrx_word' id='word_1_152' title='bbox 567 2143 577 2179; x_wconf 91' lang='lat'>,</span> <span class='ocrx_word' id='word_1_153' title='bbox 605 2099 644 2164; x_wconf 86' lang='lat' dir='ltr'>id</span> <span class='ocrx_word' id='word_1_154' title='bbox 664 2107 807 2167; x_wconf 80' lang='lat' dir='ltr'>convenit</span> <span class='ocrx_word' id='word_1_155' title='bbox 824 2107 925 2170; x_wconf 84' lang='lat' dir='ltr'>ctiam</span> 
     </span>
     <span class='ocr_line' id='line_1_24' title="bbox 81 2191 925 2279; baseline 0.013 -31"><span class='ocrx_word' id='word_1_156' title='bbox 81 2194 201 2268; x_wconf 79' lang='lat' dir='ltr'>generi</span> <span class='ocrx_word' id='word_1_157' title='bbox 212 2209 275 2258; x_wconf 86' lang='lat' dir='ltr'>cet.</span> <span class='ocrx_word' id='word_1_158' title='bbox 306 2191 371 2272; x_wconf 88' lang='lat' dir='ltr'>Qui</span> <span class='ocrx_word' id='word_1_159' title='bbox 393 2207 498 2256; x_wconf 87' lang='lat' dir='ltr'>autent</span> <span class='ocrx_word' id='word_1_160' title='bbox 522 2205 797 2279; x_wconf 85' lang='lat' dir='ltr'>argumentatura</span> <span class='ocrx_word' id='word_1_161' title='bbox 820 2194 925 2276; x_wconf 79' lang='lat' dir='ltr'>specie</span> 
     </span>
     <span class='ocr_line' id='line_1_25' title="bbox 88 2273 924 2367; baseline 0.01 -33"><span class='ocrx_word' id='word_1_162' title='bbox 88 2273 126 2338; x_wconf 92' lang='lat' dir='ltr'>ad</span> <span class='ocrx_word' id='word_1_163' title='bbox 153 2301 287 2367; x_wconf 87' lang='lat' dir='ltr'>genus,</span> <span class='ocrx_word' id='word_1_164' title='bbox 321 2282 345 2346; x_wconf 88' lang='lat' dir='ltr'>is</span> <span class='ocrx_word' id='word_1_165' title='bbox 379 2296 539 2366; x_wconf 83' lang='lat' dir='ltr'>tamquam</span> <span class='ocrx_word' id='word_1_166' title='bbox 568 2276 716 2348; x_wconf 86' lang='lat' dir='ltr'>maiorem</span> <span class='ocrx_word' id='word_1_167' title='bbox 748 2277 924 2366; x_wconf 84' lang='lat' dir='ltr'>syllogismi</span> 
     </span>
     <span class='ocr_line' id='line_1_26' title="bbox 89 2363 926 2457; baseline 0.001 -27"><span class='ocrx_word' id='word_1_168' title='bbox 89 2369 244 2454; x_wconf 84' lang='lat' dir='ltr'>supponit</span> <span class='ocrx_word' id='word_1_169' title='bbox 258 2369 510 2457; x_wconf 85' lang='lat' dir='ltr'>propositionem</span> <span class='ocrx_word' id='word_1_170' title='bbox 532 2367 636 2434; x_wconf 77' lang='lat' dir='ltr'>hanc:</span> <span class='ocrx_word' id='word_1_171' title='bbox 664 2363 831 2454; x_wconf 78' lang='lat' dir='ltr'>quidquid</span> <span class='ocrx_word' id='word_1_172' title='bbox 846 2389 926 2432; x_wconf 82' lang='lat' dir='ltr'>con·</span> 
     </span>
     <span class='ocr_line' id='line_1_27' title="bbox 88 2457 926 2545; baseline 0.011 -31"><span class='ocrx_word' id='word_1_173' title='bbox 88 2459 173 2520; x_wconf 81' lang='lat' dir='ltr'>venir</span> <span class='ocrx_word' id='word_1_174' title='bbox 189 2461 333 2545; x_wconf 84' lang='lat' dir='ltr'>speciei,</span> <span class='ocrx_word' id='word_1_175' title='bbox 356 2458 396 2524; x_wconf 86' lang='lat' dir='ltr'>id</span> <span class='ocrx_word' id='word_1_176' title='bbox 408 2461 552 2524; x_wconf 76' lang='lat' dir='ltr'>conuenit</span> <span class='ocrx_word' id='word_1_177' title='bbox 568 2459 669 2525; x_wconf 80' lang='lat' dir='ltr'>eiiam</span> <span class='ocrx_word' id='word_1_178' title='bbox 674 2457 792 2544; x_wconf 81' lang='lat' dir='ltr'>generi</span> <span class='ocrx_word' id='word_1_179' title='bbox 806 2480 817 2518; x_wconf 89' lang='lat'>.·</span> <span class='ocrx_word' id='word_1_180' title='bbox 842 2477 926 2544; x_wconf 72' lang='lat' dir='ltr'>quus</span> 
     </span>
    </p>

    <p class='ocr_par' dir='ltr' id='par_1_7' title="bbox 58 2545 926 2724">
     <span class='ocr_line' id='line_1_28' title="bbox 58 2545 922 2631; baseline 0.015 -26"><span class='ocrx_word' id='word_1_181' title='bbox 58 2598 69 2629; x_wconf 89' lang='lat'>.·</span> <span class='ocrx_word' id='word_1_182' title='bbox 92 2549 269 2631; x_wconf 84' lang='lat' dir='ltr'>propositio</span> <span class='ocrx_word' id='word_1_183' title='bbox 297 2545 374 2612; x_wconf 86' lang='lat' dir='ltr'>falsa</span> <span class='ocrx_word' id='word_1_184' title='bbox 406 2563 465 2612; x_wconf 86' lang='lat' dir='ltr'>est.</span> <span class='ocrx_word' id='word_1_185' title='bbox 916 2599 922 2618; x_wconf 86' lang='lat'><strong>.</strong></span> 
     </span>
     <span class='ocr_line' id='line_1_29' title="bbox 133 2631 926 2724; baseline -0.003 -24"><span class='ocrx_word' id='word_1_186' title='bbox 133 2631 203 2700; x_wconf 90' lang='lat' dir='ltr'>Vl.</span> <span class='ocrx_word' id='word_1_187' title='bbox 220 2647 222 2650; x_wconf 79' lang='grc'>’</span> <span class='ocrx_word' id='word_1_188' title='bbox 250 2637 403 2710; x_wconf 63' lang='grc' dir='ltr'>νίιίοεεε,</span> <span class='ocrx_word' id='word_1_189' title='bbox 421 2648 494 2700; x_wconf 88' lang='lat' dir='ltr'>sunt</span> <span class='ocrx_word' id='word_1_190' title='bbox 508 2632 797 2722; x_wconf 78' lang='lat' dir='ltr'>argumentationes</span> <span class='ocrx_word' id='word_1_191' title='bbox 813 2631 855 2700; x_wconf 86' lang='lat' dir='ltr'>ab</span> <span class='ocrx_word' id='word_1_192' title='bbox 869 2633 926 2724; x_wconf 50' lang='lat' dir='ltr'>hys·</span> 
     </span>
    </p>

    <p class='ocr_par' dir='ltr' id='par_1_8' title="bbox 17 2720 926 2998">
     <span class='ocr_line' id='line_1_30' title="bbox 17 2720 926 2801; baseline 0.006 -17"><span class='ocrx_word' id='word_1_193' title='bbox 17 2778 18 2784; x_wconf 73' lang='grc'>,</span> <span class='ocrx_word' id='word_1_194' title='bbox 89 2720 249 2801; x_wconf 76' lang='lat' dir='ltr'>pathetice</span> <span class='ocrx_word' id='word_1_195' title='bbox 277 2724 367 2792; x_wconf 82' lang='lat' dir='ltr'>dicto</span> <span class='ocrx_word' id='word_1_196' title='bbox 389 2725 430 2790; x_wconf 91' lang='lat' dir='ltr'>ad</span> <span class='ocrx_word' id='word_1_197' title='bbox 452 2721 601 2790; x_wconf 79' lang='lat' dir='ltr'>absolute</span> <span class='ocrx_word' id='word_1_198' title='bbox 613 2721 740 2788; x_wconf 84' lang='lat' dir='ltr'>dictum</span> <span class='ocrx_word' id='word_1_199' title='bbox 755 2743 809 2796; x_wconf 83' lang='lat' dir='ltr'>,a</span> <span class='ocrx_word' id='word_1_200' title='bbox 835 2723 926 2790; x_wconf 76' lang='lat' dir='ltr'>dicto</span> 
     </span>
     <span class='ocr_line' id='line_1_31' title="bbox 94 2807 925 2904; baseline 0.001 -31"><span class='ocrx_word' id='word_1_201' title='bbox 94 2811 264 2878; x_wconf 79' lang='lat' dir='ltr'>secundum</span> <span class='ocrx_word' id='word_1_202' title='bbox 281 2812 366 2904; x_wconf 84' lang='lat' dir='ltr'>quid</span> <span class='ocrx_word' id='word_1_203' title='bbox 378 2858 388 2891; x_wconf 89' lang='lat'>,</span> <span class='ocrx_word' id='word_1_204' title='bbox 418 2811 458 2878; x_wconf 90' lang='lat' dir='ltr'>ad</span> <span class='ocrx_word' id='word_1_205' title='bbox 473 2811 598 2878; x_wconf 80' lang='lat' dir='ltr'>dictum</span> <span class='ocrx_word' id='word_1_206' title='bbox 613 2807 830 2896; x_wconf 80' lang='lat' dir='ltr'>simpliciter,</span> <span class='ocrx_word' id='word_1_207' title='bbox 859 2830 925 2886; x_wconf 81' lang='lat' dir='ltr'>ena</span> 
     </span>
     <span class='ocr_line' id='line_1_32' title="bbox 94 2893 922 2998; baseline -0.001 -33"><span class='ocrx_word' id='word_1_208' title='bbox 94 2893 176 2968; x_wconf 72' lang='lat' dir='ltr'>dicto</span> <span class='ocrx_word' id='word_1_209' title='bbox 202 2900 397 2992; x_wconf 74' lang='lat' dir='ltr'>simpliciter</span> <span class='ocrx_word' id='word_1_210' title='bbox 423 2901 466 2974; x_wconf 78' lang='lat' dir='ltr'>ad</span> <span class='ocrx_word' id='word_1_211' title='bbox 491 2900 618 2974; x_wconf 79' lang='lat' dir='ltr'>dictum</span> <span class='ocrx_word' id='word_1_212' title='bbox 632 2896 813 2998; x_wconf 72' lang='lat' dir='ltr'>secundum</span> <span class='ocrx_word' id='word_1_213' title='bbox 828 2900 922 2988; x_wconf 65' lang='lat' dir='ltr'>quid,</span> 
     </span>
    </p>
   </div>
   <div class='ocr_carea' id='block_1_2' title="bbox 0 0 1182 3438">
    <p class='ocr_par' dir='ltr' id='par_1_9' title="bbox 0 0 1182 3438">
     <span class='ocr_line' id='line_1_33' title="bbox 0 0 1182 3438; baseline 0 0"><span class='ocrx_word' id='word_1_214' title='bbox 0 0 1182 3438; x_wconf 95' lang='lat' dir='ltr'> </span> 
     </span>
    </p>
   </div>
  </div>
 </body>
</html>
