2258 3428
214 125 260 219 '99
362 195 364 202 ,
457 128 834 196 ru's'rmvu.1³mtos.‘
904 201 907 206 ,

212 235 269 280 seu
286 213 584 296 fundamentaliter,
605 217 668 296 C.‚
690 218 813 306 reipsa,
835 213 883 280 N.
899 213 968 279 mai.
987 211 1064 283 Ita··

213 305 282 392 que¹
298 304 328 369 id
352 306 441 394 quod
465 305 607 394 pluribus
624 305 790 372 individuis
803 325 970 370 commune
994 323 1069 388 est,¹

214 411 271 458 seu
283 393 334 470 id,
347 395 378 460 in
393 417 459 480 quo
472 419 529 484 per
540 395 772 461 similitudinem
783 394 999 473 conveniunt,
1013 393 1059 459 ab

213 481 364 547 omnibus·
383 483 564 552 differentiis
581 483 746 549 numericis
760 482 995 557 abstrahimus,
1023 499 1062 550 et

202 570 307 658 ¹unica
323 571 452 640 notione
469 593 739 662 repraesentamus
756 621 767 652 ,
794 591 922 658 unaque
936 571 1060 637 defiui-

213 657 302 724 tione
323 662 527 743 explicamus.
559 664 676 748 Neque
696 663 809 726 iccirco
832 659 979 731 faisaest
997 659 1058 727 de-

213 746 328 812 finitio.
347 749 432 815 Nam
449 773 615 842 possumus
628 767 773 817 naturam
789 750 957 814 humanam
970 771 1002 811 v.
1021 771 1056 838 g.
1122 757 1123 760 ’

213 836 389 903 secundum
404 861 458 920 se,
481 860 514 909 et
529 841 702 930 praecisam
717 839 758 905 ab
774 837 942 905 individuis
957 859 1058 902 men-

215 939 248 990 te
278 928 449 1015 complecti
479 950 511 996 et
538 930 691 1008 definire3
721 949 821 1018 quum
852 926 1081 1008 abstrahen-¹

214 1016 324 1098 tium,
349 1034 386 1081 ut
406 1017 504 1108 vulgo
519 1017 662 1100 dicitur,
691 1040 753 1084 non
772 1020 818 1087 sit
837 1015 1056 1082 mendacium.
1122 1095 1123 1098 Ἴ

480 1191 720 1275 QVAESTIO
742 1191 790 1260 11.
827 1135 831 1144 ·

262 1367 426 1458 Quomodo
443 1372 577 1464 gradus
605 1373 821 1463 metaphysici
842 1372 878 1443 in
901 1367 1013 1438 eodem

404 1461 574 1564 individuo
605 1464 867 1553 distinguantur.

219 1651 300 1791 Fa
314 1728 395 1796 inter
411 1749 444 1794 se
460 1729 713 1818 distinguuntur,
729 1743 866 1817 quorum
880 1743 979 1790 unum
992 1735 1054 1793 nou¹

216 1831 267 1882 cst
277 1816 372 1882 aliud.
401 1817 510 1896 Quare
526 1819 696 1884 distinctio
711 1817 883 1905 generatim
899 1816 982 1881 idem
993 1816 1054 1904 sig-

217 1903 325 1968 nificat
355 1924 392 1969 ac
421 1904 622 1994 pluralitas.
654 1907 733 1972 Non
766 1924 872 1970 tamen
901 1903 1054 1970 conlundi

216 2005 327 2079 potest
342 1993 501 2060 distinctio
516 2017 589 2060 cum
605 1995 852 2083 separationeac
863 1993 1054 2080 diversitate.

217 2077 388 2159 Quaedam
406 2085 488 2152 enim
513 2085 778 2172 distinguuntur,
804 2103 886 2171 quae
910 2093 1053 2168 ‘separata

217 2188 285 2232 mon
315 2190 421 2254 sune,
452 2192 488 2239 ut
516 2174 547 2237 in
576 2171 703 2238 homine
728 2193 845 2260 cerpus
877 2185 910 2238 et
938 2170 1051 2236 anima.

217 2253 301 2325 Item
334 2261 573 2352 distinguuntur
598 2261 629 2328 e't
654 2277 861 2350 separantur,
891 2279 973 2348 quae
1003 2275 1054 2324 ta·

218 2367 293 2415 men
320 2350 444 2416 diversa
475 2372 539 2415 non
561 2367 636 2416 sunt
649 2399 661 2431 ,
684 2369 721 2414 ut
746 2349 814 2414 duo
839 2351 973 2435 parietes
999 2366 1054 2435 per

218 2435 426 2504 albitudinem
441 2439 565 2505 similes.
587 2440 673 2506 Hinc
688 2438 750 2506 dici
761 2438 847 2504 solet
859 2446 885 2516 ‚⁸
896 2435 1056 2503 distinctio

219 2542 269 2593 est
284 2531 415 2614 negatio
432 2526 633 2594 idemtilatis
645 2529 660 2593 .·'
689 2527 848 2615 separatio
863 2528 1052 2614 eernegaru

218 2618 366 2681 unionis:
393 2613 556 2684 diversitas
583 2634 631 2684 est
656 2621 788 2706 negatio
815 2611 1050 2680 similitudinis.

265 2701 311 2769 II.
359 2704 529 2772 Distinetio
556 2705 680 2795 duplex
709 2721 755 2770 est
770 2737 789 2784 ,ε
809 2705 868 2769 alia
894 2699 997 2768 realis
1021 2717 1052 2768 et

215 2790 382 2884 physica,
412 2816 495 2884 quae
520 2812 569 2861 est
598 2817 645 2860 ex·
666 2814 757 2883 parte
781 2809 884 2858 rerum
907 2793 1053 2879 ipsarum,

219 2882 464 2954 ctiam'nemiue
486 2885 660 2974 cogitante.
688 2884 761 2954 Alia
783 2880 901 2952 dicitur
921 2882 1054 2949 rationis
