2270 3416
159 100 245 168 rie·
375 119 398 155 -1
424 115 611 170 tntrrnvr.
632 113 818 169 annosa
857 119 873 145 r

157 188 430 260 henrimannum
442 195 599 280 optimum
614 193 767 259 creaverit
791 189 988 259 reenndnnr
1006 207 1079 260 m·

157 279 236 343 dnm
261 301 324 346 non
353 289 525 347 secundum
542 284 777 348 substantiam.
805 279 945 346 Etenim
975 303 1078 368 quum

156 367 244 432 Deus
267 369 306 432 sit
331 369 593 450 sapientissimus,
617 387 835 456 quaecumque
848 365 960 451 facit,
986 373 1075 458 opti-

156 475 208 519 nre
238 454 322 520 facit.
348 459 393 521 At
414 460 524 544 opinio
551 458 591 524 de
607 458 717 522 mundi
743 456 950 542 optimisrno‚
978 481 1072 544 quant

155 542 270 609 acriter
286 563 415 610 tuentur
438 545 627 623 leibnitium,
644 547 779 612 divinam
806 545 942 612 tolleret
971 547 1068 613 iiber-

155 647 254 697 tatern
283 653 454 717 rerumque
470 637 608 700 omnium
630 635 897 722 contingentiam.
923 635 1017 718 gQui
1032 659 1065 701 e·

155 721 390 808 nimpotuisset
411 723 442 786 i'd
466 744 532 788 non
548 724 702 801 existere,
717 721 804 810 quod
819 720 969 788 habebat
984 727 1063 790 eris-

156 811 274 876 teutiae
306 833 378 890 suae
405 812 589 890 rationem,
617 831 713 900 quarn
739 809 868 897 quidem
901 812 1060 879 rationein

155 915 282 964 naturae
306 916 418 964 auctor
432 921 497 964 non
518 901 624 987 potuit
640 921 705 964 non
720 899 847 976 ridere,
862 919 928 966 nec
956 901 1058 987 potnit

154 1007 220 1050 non
244 988 353 1073 sequi?
368 989 537 1053 Contraria
553 990 672 1054 ratione
696 987 830 1053 existere
850 1007 921 1052 non
938 989 1054 1074 potuit,

154 1076 243 1160 quod
275 1074 418 1140 eamdem
447 1096 518 1140 non
554 1075 662 1141 habuit
695 1075 852 1142 existendi
889 1077 1059 1144 rationem}

153 1162 319 1228 Praeterea
340 1181 496 1251 repugnat
514 1167 656 1228 omnimo
671 1168 872 1252 optimismus
894 1163 1060 1230 leibnitia-
1111 1171 1114 1288 p

152 1271 244 1332 nass,
261 1254 475 1338 quum··=nutlu
500 1254 602 1342 possit
627 1273 697 1319 esse
722 1249 877 1340 perfectio
911 1257 1053 1333 maxima,

152 1338 409 1418 narrantum,
436 1342 492 1406 sed
518 1342 640 1428 quavis*
659 1340 744 1406 finita
768 1337 977 1428 perfectione
1000 1359 1052 1407 ut-

151 1447 290 1516 ctnnque
317 1439 428 1516 magne
439 1430 494 1495 'rei
508 1448 603 1516 parra
619 1427 722 1514 possit
736 1451 803 1494 esse
819 1429 878 1492 alia
901 1429 1055 1516 perfectio
1115 1434 1116 1484 i

152 1516 254 1582 artior
273 1517 325 1582 rel
340 1519 454 1605 rninrm
473 1518 642 1604 Quidquid
666 1517 747 1583 eninr
762 1517 889 1594 existit,
916 1520 948 1582 in
966 1541 1002 1586 se
1015 1521 1053 1582 i·
1116 1566 1117 1612 p

152 1605 261 1671 citum·
278 1623 326 1672 eat
339 1609 383 1670 tc'
395 1605 659 1684 detenninatum,
682 1605 913 1672 unicoiniinito
930 1624 966 1672 et
982 1627 1052 1695 per-

152 1691 323 1764 iiotitsimo
337 1695 501 1760 conditore
522 1713 679 1784 excepto,
693 1696 787 1758 itant
800 1694 858 1758 alia
872 1694 966 1760 finita
981 1719 1053 1786 per-
1117 1696 1118 1714 ¹

152 1780 284 1849 seutiam
309 1782 441 1856 existere
457 1785 578 1869 possint
603 1787 637 1848 in
660 1780 833 1863 infinitum.
856 1780 964 1870 Igitur
995 1808 1053 1851 non

151 1869 251 1940 officit
273 1873 521 1959 omnipotentiae
548 1887 602 1937 aut
625 1870 757 1936 bonitati
783 1871 947 1951 infinitae,
964 1874 1051 1960 qnod

151 1960 311 2046 optimum
335 1981 399 2024 non
426 1960 557 2048 seligat,
580 1957 635 2025 ubi
657 1959 780 2025 nulium
805 1977 853 2024 est
880 1962 1053 2048 optimum,

150 2048 273 2112 nuilunt
293 2045 555 2133 perfectissimum
576 2065 703 2136 praeter
723 2046 830 2112 Deum
845 2048 961 2134 ipsum.
978 2049 1049 2114 Por·

134 2151 192 2200 ·tu
213 2137 315 2200 solunt
346 2136 469 2203 diuinae
504 2136 655 2204 libertatis
691 2135 881 2204 exercitium'
907 2137 1050 2203 infinities

150 2223 323 2314 perfectius
360 2240 408 2292 est
441 2227 557 2313 quatit
582 2221 779 2314 perfectione
807 2240 942 2304 creata,
970 2249 1052 2314 quae

150 2315 288 2403 proinde
309 2313 437 2378 nuliam·
451 2329 565 2402 potest
584 2309 709 2380 divinae
725 2311 861 2377 libertati
887 2312 1050 2402 imponere

150 2403 275 2468 creandi
303 2403 548 2468 necessitatem.-

152 2505 175 2550 .·²
194 2480 278 2560 XV.
306 2479 446 2554 'Maium
475 2489 729 2582 metaphysicunr
754 2506 803 2556 est
826 2487 966 2557 absentia
980 2511 1049 2576 per·

150 2576 295 2644 sectionis
328 2579 446 2646 alienae
475 2580 735 2666 non-'propiae‚
767 2596 799 2645 et
828 2580 902 2644 ideo
932 2580 1045 2646 maium

148 2667 257 2756 potios
285 2683 436 2754 apparet3
459 2683 553 2754 'quam
571 2683 627 2738 ert.
652 2665 762 2732 Per-se
777 2683 888 2732 >autem
903 2685 978 2734 ante
993 2667 1048 2734 de·

148 2769 271 2819 cretum
289 2753 382 2818 rebus
399 2755 532 2821 decretis
546 2755 707 2831 inhaeret,
721 2775 780 2821 nec
795 2753 835 2817 ab
850 2754 910 2818 iliis
926 2777 985 2842 per
997 2755 1045 2823 de·

148 2858 271 2906 cretum
292 2843 430 2928 separari
453 2857 585 2929 potest,
610 2859 723 2928 estque
739 2841 882 2907 absolute
907 2863 1044 2910 necessa·

148 2931 250 3006 rium,
275 2945 308 2993 et
335 2929 472 2993 muudus
498 2931 565 2996 sine
593 2953 631 2996 eo
652 2951 721 2996 etse
747 2949 811 2993 non
828 2945 947 3015 potest.
967 2931 1049 2997 Narra

154 3016 265 3081 'nalum
286 3013 551 3102 metaphyiaicurn
576 3015 721 3084 consistit
745 3018 777 3081 in
794 3015 1048 3085 [imitationibus
