2258 3428
255 161 339 214 rrnt
361 159 407 210 tt.
429 157 601 210 eostcan.
624 157 698 212 car.
721 161 748 212 t.
843 166 911 240 ³⁴3

74 235 224 326 iungitur
240 235 290 302 rei
308 231 488 302 detrahitur
504 231 732 321 praedicatum.
761 231 914 307 Attamen

73 329 175 392 notio
197 324 249 388 iila
271 325 470 410 complexa,
499 342 580 410 quae
606 343 663 410 pet
687 323 837 390 iudicium
864 328 913 407 fit,

80 437 146 481 nou
166 430 215 481 est
229 417 399 501 ipsummet
421 410 571 476 iudicium
589 454 599 488 ‚
630 413 720 500 quod
738 413 814 480 nihil
829 414 916 481 aliud

84 523 150 582 est,
182 523 282 592 quarn
306 517 396 568 actus
420 498 534 566 mentis
561 495 744 568 affirmantis
770 505 825 572 rel
853 525 916 572 ne·-

78 594 191 684 gantis.

140 681 247 748 Nunc
263 701 369 759 vero,
396 700 461 768 qua
481 676 602 746 ratione
621 679 670 748 ilie
691 683 803 750 mentis
826 700 916 750 actus

71 771 287 848 absolvatur,
304 787 336 836 et
351 769 391 835 ad
406 789 500 856 quam
516 769 628 833 mentis
641 766 823 839 facultatem
837 795 916 862 pet-

72 863 202 939 tineat,
220 879 287 924 non
303 857 359 924 abs
374 881 408 924 te
418 859 477 923 erit
490 857 698 925 considerare.
714 857 783 926 lam
799 879 917 928 osten·

69 949 183 1018 dimus
198 966 362 1052 ‚trepesse
373 947 485 1012 mentis
498 947 722 1032 operationes,
736 952 917 1037 perceptio·

71 1060 153 1106 nem
171 1059 314 1124 nempe,
339 1035 488 1102 iudicium
504 1051 536 1102 et
551 1033 739 1100 discursum.
764 1035 917 1118 Quamvis

77 1147 199 1192 omnes
215 1127 332 1192 animae
346 1123 514 1191 facultates
528 1121 605 1190 nihil
619 1123 705 1190 aliud
721 1125 804 1206 sint,
822 1149 919 1216 quam

77 1239 147 1282 una
172 1213 350 1300 eademque
371 1215 498 1291 anima,
529 1232 612 1296 quae
633 1212 772 1282 diversas
797 1237 920 1304 opera·

77 1307 187 1371 tiones
210 1321 362 1383 exercet,
391 1299 589 1368 nihilominus
612 1323 676 1390 pro
695 1305 920 1394 operationum

76 1393 269 1464 diversitate
286 1392 386 1456 varias
409 1389 576 1456 facultates
591 1391 787 1480 distinguunt
808 1395 922 1482 philo·

76 1483 185 1572 sophi.
214 1481 366 1548 Animam
394 1497 549 1569 quatenus
579 1479 749 1569 intelligit,
778 1482 923 1551 inteliec'·

79 1589 150 1639 tum
165 1572 282 1640 dicunt
298 1595 307 1635 t
336 1568 533 1636 voluntatem
544 1567 736 1656 appellant,
762 1585 921 1655 quatenus

82 1659 165 1726 vuit.
193 1660 353 1740 Quaestio
382 1675 431 1724 est
458 1659 490 1722 in
521 1655 672 1735 scholis,
702 1675 809 1725 utrum
832 1677 922 1727 actus

86 1748 194 1814 iudicii
217 1748 374 1836 pertineat
394 1747 437 1814 ad
459 1744 655 1812 intellectum
670 1747 722 1812 rel
737 1747 778 1814 ad
801 1747 923 1815 volun-

89 1851 200 1905 tatem.
229 1836 279 1902 Lis
310 1855 417 1902 autem
446 1853 515 1901 tota
547 1853 738 1916 evanescet,
768 1835 923 1906 definien-

89 1923 158 2008 do,
188 1947 226 1992 an
248 1941 342 1992 actus
365 1925 440 2003 iiie,
470 1945 537 2019 quo
562 1945 650 1990 mens
677 1943 785 1992 nostra
811 1949 923 1996 assen-

84 2017 123 2084 tit
134 2035 192 2084 aut
203 2015 353 2082 dissentit
368 2036 444 2080 vero
460 2014 511 2081 vel
526 2010 607 2076 falso
616 2059 628 2093 ,
653 2012 737 2080 inter
747 2017 921 2084 voluntatis

83 2107 293 2196 operationes
322 2105 472 2170 recenseri
497 2101 646 2181 debeat,
672 2103 737 2166 non
767 2123 857 2172 secus
885 2128 924 2172 ac

84 2214 176 2270 actus
203 2196 288 2260 alter
300 2239 311 2273 ,
341 2213 406 2278 quo
427 2213 515 2258 mens
539 2191 668 2256 assentit
695 2208 752 2255 aut
775 2191 922 2261 dissentit

83 2285 176 2352 bono
201 2283 256 2350 vei
283 2281 377 2346 maio.
409 2281 501 2371 Patet
524 2295 629 2345 autem
655 2275 738 2344 illam
764 2283 925 2366 operatio·

82 2397 163 2439 num
186 2370 447 2438 distributionem
472 2389 537 2434 non
564 2370 594 2431 in
621 2365 690 2456 ipsa
708 2369 839 2436 'animae
870 2395 925 2437 na-

87 2479 165 2528 tura
193 2459 358 2526 fundatam
388 2479 481 2533 esse,
513 2454 628 2524 sedin
656 2457 728 2545 ipso
758 2456 926 2529 dumtaxat

87 2548 360 2638 philosophorum
386 2545 519 2638 piacito.
549 2546 699 2614 Attamen
719 2546 926 2618 exercitatio·

91 2641 145 2704 nis
176 2655 206 2705 et
225 2635 447 2728 explicationis
474 2653 594 2719 causa,
623 2635 663 2700 sit
