2258 3428
239 191 320 240 rans
345 187 400 238 Π.
425 189 725 240 marcescant.
839 195 901 266 147
947 250 949 259 Ι

11 339 12 346 p
73 259 175 347 tione,
197 259 236 326 C.
263 267 344 339 mai,
370 282 485 340 secus,
510 262 553 324 N.
578 263 648 327 mai.
672 279 705 328 er
729 259 800 326 dist.
824 269 901 331 min.

11 351 12 358 ’
75 349 119 411 Ν.
132 363 212 413 cons.
230 350 283 417 Re
298 349 426 436 quidem
442 373 515 416 vera
531 349 610 416 dum
626 349 804 416 intellectus
821 375 901 442 per-s

76 435 164 520 cipit,
182 455 237 503 aut
256 439 312 504 sibi
328 440 490 526 percipere
515 442 639 504 videtur
665 440 803 508 idearum
828 465 903 508 con·

79 527 250 592 senientiam
274 528 324 594 vel
349 549 414 592 non
442 530 717 608 convenientiam,
748 529 901 598 tierinon

74 627 188 700 potest,
210 635 248 680 ut
268 617 519 682 convenientiam
544 616 627 681 illam
650 619 700 684 vel
726 637 903 706 repugnans

70 703 133 768 tiam
161 725 228 768 non
259 705 426 793 pereipiat.
461 705 587 774 Verum
615 707 688 792 qnia
717 705 900 774 intellectus

65 793 90 856 t'n
124 792 267 858 idearum
306 793 596 881 repraesentatione
622 793 761 859 adhibita
788 815 899 862 stren-

64 881 143 948 tione
170 881 317 971 dirigitur
341 900 437 968 atque
462 884 667 956 emendatur;
693 881 764 944 hine
786 885 838 961 fir,
864 901 900 952 nt

62 971 237 1036 necessario
263 971 471 1055 determinata
494 991 557 1034 non
582 970 620 1032 sit
645 969 785 1034 idearum
813 993 900 1035 con-

63 1058 255 1122 venientium
281 1059 333 1124 vel
358 1079 422 1124 non
447 1057 704 1124 convenientium
735 1062 899 1126 temeraria

66 1149 322 1232 repraesentatio,
353 1169 389 1212 ac
416 1146 551 1236 proinde
579 1166 682 1214 maner
708 1147 899 1214 iudiciorum

64 1237 239 1318 temeritas,
264 1236 403 1324 ideoque
430 1253 461 1302 et
482 1237 590 1325 cu-lpa.
891 1255 894 1263 “

368 1411 526 1482 cnPVT
550 1407 598 1476 II.

126 1589 182 1656 De
207 1585 383 1658 materiali
408 1585 601 1654 iudiciorum
631 1582 845 1676 differentia-⁴

66 1677 264 1835 Murra
300 1763 408 1829 iudicii
435 1780 507 1828 sunt
534 1763 634 1851 ipsius
661 1761 837 1829 subiectum
864 1779 897 1830 es

65 1857 279 1940 praedicatum
293 1898 302 1931 ,
315 1853 429 1932 forma
449 1866 529 1918 'vero
548 1869 595 1918 est
612 1853 794 1919 eorumdem
812 1867 897 1916 con*

59 1934 180 2006 iunctio
209 1944 268 2009 vei·
291 1941 459 2024 separatio.
492 1938 529 2004 In
558 1942 622 2004 hoc
656 1944 761 2026 itaque
794 1943 899 2028 capite

61 2053 186 2119 agemus
217 2033 259 2106 de
276 2029 464 2104 'differentia
489 2029 674 2094 iudiciorum
700 2053 736 2094 ac
770 2045 898 2120 propo-³

61 2120 233 2201 sitionum,
262 2119 393 2186 ratione·
412 2117 542 2184 subiecti
566 2135 601 2184 et
627 2119 809 2206 praedicati.

272 2291 275 2296 ·
316 2253 594 2363 snrrcvtvs
616 2289 644 2358 1.

16 2507 19 2522 ·
100 2470 158 2540 De
182 2455 461 2563 propositionibus
489 2467 754 2550 universalibus,
778 2469 896 2558 parti-⁵
979 2458 986 2464 '¹

226 2559 398 2628 sularibus
429 2575 462 2625 es
491 2557 757 2647 singularibus„

59 2751 289 2892 Sobtectum·
300 2823 529 2912 propositionis
546 2824 597 2890 vel
611 2841 660 2888 est
675 2843 772 2910 genus
787 2821 898 2908 qnod.

11 2909 12 3002 J
55 2909 159 2997 ΜΠ»
187 2915 241 2982 Ve'l
268 2913 414 3002 species,
444 2915 497 2982 vel
523 2912 734 3065 inldrividuum’
755 2911 897 2980 'Subiec-

608 3020 626 3066 2
