2264 3420
239 103 260 172 6
410 177 447 192 ,.
480 123 665 174 tusutnvt.
688 125 820 174 unitos.
907 181 928 200 ,

215 127 379 276 bominum
397 194 520 258 nonnisi
536 195 577 260 ad
595 216 693 258 unum
711 195 878 268 obiectum
894 195 1030 261 attenti
1052 219 1101 264 ess

216 297 364 372 possunt.
392 281 422 346 Si
440 301 547 354 autern
562 285 768 352 attentionem
786 306 879 348 suam
900 287 998 350 inter
1026 288 1100 370 plur:

215 371 357 436 dividere
371 369 554 449 voluerint,
576 393 646 438 eam
663 371 814 438 minorem
830 394 903 438 esse
920 374 1099 461 adsingult

215 461 446 550 experiuntur,
475 461 613 546 indeque
630 479 737 524 natum
760 479 808 526 est
836 459 904 524 hoc
922 462 1097 550 vulgatum:

207 547 364 637 pluribus
380 551 524 614 intentus
546 553 652 623 sainor
674 547 794 613 estad
813 549 959 637 singula
984 545 1094 615 sensus.

213 637 296 726 Non
311 638 425 704 desunt
441 653 546 701 tamen
563 636 705 722 exempla
722 639 928 723 eorum,‚qui
950 639 998 702 ad
1016 639 1088 725 plura

216 725 309 792 simul
322 721 423 808 probe
433 723 597 792 attendere
609 729 780 810 potuerint.
795 725 884 790 Nam
899 723 1013 792 Iulius
1026 729 1087 791 Cae·

211 834 265 904 ¹par
276 810 390 878 eodem
403 829 558 898 tempore,
568 835 634 899 quo
647 814 810 898 epistolam
821 813 1084 903 scribebat,quat·

214 917 291 986 tuor
300 901 374 986 alias
386 901 505 973 dictate
520 901 644 988 potuit,
658 917 689 966 et
703 919 831 988 septem
839 900 913 988 ipse
926 903 1045 970 scribet
1067 947 1075 966 ι

216 987 357 1074 Quidam
380 988 421 1054 ad
436 989 602 1054 obiectum
628 990 796 1074 quodlibet
818 989 975 1054 eamdem
1004 1011 1071 1056 attru-

216 1077 337 1142 tionem
352 1073 474 1142 adferre
495 1087 637 1164 possunt.
653 1075 714 1141 Alii
731 1094 843 1140 contra
868 1078 914 1142 ad
939 1081 1080 1164 quaedan

212 1163 342 1261 pbiecta
355 1164 470 1228 nullam
485 1186 632 1251 prorsus,
647 1164 688 1230 ad
708 1167 766 1229 alia
781 1164 833 1226 vix
850 1165 963 1232 levem
984 1190 1081 1256 quan·

215 1254 290 1321 dam
306 1249 453 1318 adferunt
466 1255 685 1330 attentionem
700 1269 795 1341 prout
811 1255 896 1320 enim
912 1277 973 1320 sua
986 1279 1083 1344 quen·

212 1339 387 1430 quetrahit
404 1340 563 1427 vqlnptas,
571 1342 745 1427 attentione
757 1343 858 1422 utitur
872 1365 945 1406 sna.
960 1342 1013 1410 Ita
1024 1367 1082 1431 poe·

215 1445 273 1494 tae·
282 1430 492 1498 attentionem
516 1427 669 1513 praebent
694 1428 858 1507 versibus3
880 1434 926 1496 ad
948 1433 1012 1498 alia
1030 1455 1084 1498 eam

213 1513 381 1606 transferre
405 1517 478 1602 ipsis
495 1516 619 1582 difficile
635 1532 693 1584 est.
711 1519 835 1583 Contra
852 1519 1085 1586 mathematicus

211 1607 404 1694 stupendam
418 1605 545 1670 calculis
556 1627 593 1669 ac
605 1605 710 1693 liguris
722 1606 936 1672 attentionem
951 1611 1083 1696 praeben

214 1695 285 1783 atsi
302 1716 408 1758 versus
424 1696 523 1782 legere
543 1694 677 1772 debeat,
697 1694 749 1762 vel
768 1695 845 1772 alia,
862 1717 949 1780 quae
965 1698 1082 1762 suntab
1107 1733 1108 1774 γ

212 1783 316 1870 ipsius
330 1781 400 1847 foro
415 1783 534 1860 aliena,
556 1783 626 1847 licet
642 1804 678 1848 ea
702 1782 874 1870 intelligere
892 1787 1022 1869 possit,
1041 1787 1082 1848 six
1107 1775 1108 1790 ¹

213 1870 427 1961 tamenadilla
440 1871 647 1946 attentionem
660 1871 798 1959 aliquam
810 1869 967 1938 adhibere
976 1891 1084 1962 potest.

212 1959 327 2048 ‚Aliqui
342 1960 383 2024 ad
400 1981 464 2026 rem
487 1975 710 2045 praesentem,
741 1979 968 2046 quaecumque
991 1960 1081 2040 fuerit,
1107 2019 1108 2040 ,

153 2119 155 2124 ,
213 2069 341 2114 omnem
354 2045 476 2113 adferre
492 2064 627 2131 possunt
642 2066 737 2132 atque
750 2047 852 2112 solent
867 2051 1080 2116 attentionem.
1107 2057 1108 2104 l

210 2135 276 2210 Alii
290 2135 428 2200 animum
450 2133 567 2212 habent
584 2156 705 2220 semper
726 2132 909 2212 absentem,
925 2139 984 2200 nisi
1001 2160 1081 2224 prae·

212 2245 285 2292 sens
301 2221 392 2289 luerit
410 2223 570 2291 obiectum
592 2222 693 2302 illud,
710 2222 750 2287 ad
767 2221 858 2310 quod
882 2228 1081 2292 attentionem
1107 2237 1108 2290 4

211 2313 363 2400 adbibere
379 2330 454 2376 sunt
465 2311 596 2376 adsueti.
610 2310 767 2396 Exempla
780 2311 869 2376 nobis
882 2313 1045 2396 ,praebent
1055 2319 1080 2380 in
1107 2293 1108 2357 l

211 2405 319 2490 primis
333 2401 446 2468 eruditi
457 2399 523 2478 illl,
540 2399 594 2485 qui
608 2401 744 2466 animum
759 2419 879 2485 semper
897 2399 1016 2467 habent
1028 2448 1037 2482 ,
1050 2423 1078 2468 ut

212 2493 257 2556 ita
272 2492 394 2568 dicam,
413 2489 445 2552 in
468 2509 597 2554 musaeo
612 2509 692 2566 suo,
717 2487 817 2570 unice
832 2487 1031 2556 attendentes
1044 2489 1076 2556 ad

211 2599 251 2661 ea
263 2624 275 2656 ,
293 2600 374 2666 quae
387 2577 544 2660 memoria
560 2576 600 2642 de
615 2573 707 2640 rebus
721 2575 875 2641 litterariis
891 2579 1073 2664 suppeditat.

208 2665 293 2750 ¹Sunt
310 2665 404 2730 etiam
417 2665 569 2752 artifices,
587 2684 667 2748 quos
685 2680 809 2750 praeter
825 2683 925 2728 artem
941 2667 1012 2732 nihil
1024 2667 1075 2732 de·
1106 2677 1107 2688 ¹

169 2753 172 2764 '
212 2753 323 2818 lentat.
336 2753 508 2818 Plurimum
526 2751 667 2817 utilitatis
682 2752 776 2816 habet
792 2753 913 2816 animus
928 2754 1073 2822 adomnia

205 2862 374 2931 praesens,
392 2840 566 2924 plurimum
577 2839 690 2928 obest,
703 2841 726 2904 si
740 2839 810 2925 quis
820 2842 925 2906 animo
938 2859 1074 2911 constan·

205 2949 258 3016 ,ter
273 2929 383 2992 absens
397 2925 502 2992 fuerit.
518 2927 800 3006 Quemadmodum
811 2928 895 2994 enim
910 2930 960 2995 alii
974 2937 1072 3022 gradus

211 3015 396 3084 attentionis
405 3012 677 3096 maximumusum
691 3013 963 3086 babentinreru'm
973 3025 1075 3115 cogni-
1105 3049 1106 3084 r
