2270 3416
165 151 229 224 166
416 166 424 206 ·.
446 171 632 218 tusu‘ttvt.
657 172 787 218 unitos.
837 197 840 202 ,

229 243 382 322 Quamvis
399 263 462 306 una
479 243 517 304 sit
533 242 564 304 in
577 241 649 306 Deo
665 241 954 328 simplicissimaque
968 243 1076 307 scien·

162 335 223 412 tia,
239 349 275 396 ut
286 355 325 396 ex
339 333 429 398 dictis
443 347 550 416 patet,
563 347 699 396 attamen
713 330 866 394 humanus
878 329 1074 415 intellectus

162 421 323 507 duplicem
342 441 415 484 cum
431 417 650 499 fundamento
673 417 830 483 scientiam
857 417 891 482 in
919 418 1001 483 Deo
1023 419 1073 484 di-

163 509 308 598 stinguit:
321 510 363 572 ob
375 510 489 573 vatiam
512 508 627 572 scilicet
642 507 929 572 considerationem
954 507 1072 572 obiec-

163 617 289 676 torum,
319 596 360 661 ad
384 594 470 687 ,quae
499 617 564 662 sese
595 595 736 660 extendit
774 595 879 662 diviua
917 596 1067 661 scientia.

162 689 297 753 Scientia
322 685 382 750 Dei
409 681 558 764 dividitur
584 681 614 748 in
640 685 796 748 scientiam
819 681 988 771 simplicis
1013 687 1068 748 in-

162 775 390 862 telligentiae,
420 792 453 840 et
483 771 643 838 scientiam
678 775 820 837 visionis.
855 771 967 836 Prima
1002 795 1066 836 vo-

164 871 272 928 istut:
312 859 509 949 quartDeus
546 883 599 925 res
626 859 847 925 tantummodo
886 865 1065 948 cognoscit,

165 966 202 1016 stt
228 948 399 1034 possibiles
428 965 497 1015 item
524 951 717 1014 intrinsecus
743 963 812 1016 tum
841 953 1062 1013 extrinsecus.

164 1039 299 1104 Scientia
321 1040 445 1102 visionis
467 1053 532 1101 est:
558 1057 625 1126 qua
652 1038 748 1102 Deus
772 1038 815 1103 ab
836 1052 978 1102 aeterno
1000 1057 1064 1125 tog·

166 1133 291 1205 noscit,
316 1149 400 1214 quae
424 1129 457 1191 in
482 1141 624 1211 tempore
643 1123 769 1205 fusura
792 1139 899 1200 sunm
929 1125 1067 1192 eadem-

167 1237 228 1302 que
249 1217 375 1281 scientia
396 1214 587 1304 cognoscit,
605 1231 685 1298 quae
704 1213 880 1301 praesentia
903 1231 982 1277 sunt
1001 1258 1011 1288 ,
1033 1230 1067 1278 et

167 1323 232 1390 que
266 1303 445 1389 praeterita.
475 1301 701 1366 Praestientia
728 1303 760 1365 itt
779 1301 900 1388 specie
936 1301 1062 1367 dicitutt

167 1396 304 1473 cognitio
321 1391 515 1471 futurorum
541 1412 599 1453 seu
626 1393 763 1454 scientia
800 1391 962 1468 visionis,
998 1412 1063 1479 qua

166 1477 265 1546 Deus
286 1483 329 1546 ab
352 1493 484 1544 aeterno
510 1481 621 1555 nouis,
645 1497 729 1565 quoe
744 1475 869 1557 futura
893 1491 988 1543 su'nt.
1015 1479 1066 1547 Vt

79 1585 81 1592 ’
167 1584 292 1648 tutem,
316 1587 396 1654 quae
411 1567 451 1633 de
467 1566 592 1629 scientia
608 1566 668 1631 Dei
685 1565 775 1630 nobis
793 1565 929 1631 dicenda
947 1587 1062 1654 super-¹

168 1655 264 1732 sunt,
282 1657 388 1724 melius
407 1655 638 1742 intelligantur,
659 1654 814 1744 principia
833 1654 998 1743 quaedam
1013 1677 1063 1721 ne·

169 1746 303 1810 cessaria
324 1745 408 1834 ptius
431 1763 640 1831 exponemus.
971 1811 975 1820 Ι

215 1829 302 1903 VII.
346 1829 461 1918 Itaque
484 1831 634 1916 quoniam
661 1831 749 1895 Deus
777 1845 824 1895 est
848 1851 903 1896 ens
932 1828 1063 1916 perfec·

170 1921 323 1988 tissimum
346 1943 382 1984 ac
397 1920 620 1997 iibettimum‚
646 1919 797 1984 mundum
817 1919 1065 2005 adspectabiiem

170 2011 352 2096 animasque
369 2009 464 2074 iibere
479 2006 619 2084 creavit,
642 2005 762 2092 ipsique
779 2009 933 2093 competit
948 2029 1066 2094 poten-

169 2096 216 2160 tia
239 2096 334 2162 libera
356 2098 396 2161 ad
416 2116 523 2162 actum
546 2093 752 2184 perducendi
767 2119 827 2175 ea,
855 2119 938 2182 quae
954 2098 1064 2161 intrin-

175 2205 264 2250 secus
281 2185 440 2272 possibilia
456 2201 526 2249 sunt
537 2207 546 2260 ;
559 2203 591 2249 et
602 2183 675 2272 quia
688 2185 831 2271 potentia
843 2183 894 2248 ilia
911 2184 1067 2270 perfectio

176 2281 249 2353 esi,
270 2271 365 2338 tribui
397 2273 496 2356 debet
521 2271 594 2337 Deo
620 2275 651 2336 in
683 2291 804 2352 summo
831 2272 931 2360 gradu
960 2277 1005 2338 ita
1034 2291 1066 2339 ut

174 2361 262 2427 Deus
282 2364 318 2427 sit
337 2363 537 2448 omnipotens
558 2382 612 2425 teu
628 2359 729 2428 facete
750 2361 849 2446 possit
870 2360 977 2427 omnia
995 2383 1064 2448 pos·
1129 2415 1130 2442 p

175 2449 285 2516 sibilia.
302 2451 393 2529 Quae
410 2452 490 2516 enim
505 2448 710 2534 impossibilia
726 2467 816 2524 sunt,
838 2451 1065 2514 contradictio-
1129 2455 1130 2506 ἲ

175 2560 246 2603 nem
270 2540 458 2616 involvunt,
485 2553 516 2602 et
536 2539 677 2624 potentia
700 2533 853 2616 faciendi,
877 2558 962 2625 quae
985 2561 1064 2604 con-

174 2623 393 2692 tradictionem
413 2626 601 2704 involvunt,
625 2626 690 2692 enti
705 2621 938 2710 perfectissimo
966 2627 1065 2693 inesse

108 2759 110 2764 -
175 2733 240 2816 non
256 2709 373 2800 potest.
391 2711 492 2801 Igitur
513 2715 608 2784 Deus·
617 2733 665 2796 est
682 2733 735 2779 ens
758 2715 899 2777 omnium
920 2715 1063 2800 primunt:

173 2813 274 2886 ‘prima
290 2821 392 2866 retum
407 2799 547 2864 omnium
572 2809 683 2866 causat
701 2817 733 2867 et
750 2800 875 2864 sublato
892 2801 1001 2867 divino
1017 2804 1064 2866 in·
1129 2801 1130 2874 t

174 2888 306 2950 tellectu
330 2887 407 2972 nihil
422 2906 467 2952 est
483 2887 668 2955 intrinsecus
684 2887 850 2976 possibile,
869 2889 994 2954 sublata
1010 2913 1065 2956 ve-

174 2987 212 3035 to
231 2973 334 3038 divina
353 2975 498 3060 potentia
520 2977 593 3038 nihil
620 2997 667 3042 est
689 2976 1063 3060 extrinsecut'possibiie.
1129 3013 1130 3056 ;

173 3055 267 3124 Patet
287 3060 640 3146 itaquet'inttittsecatn
665 3077 768 3131 rerum
792 3061 1066 3152 possibilitatem
1129 3063 1130 3080 ¹
