2270 3416
112 155 114 164 ,
270 113 272 120 ·
303 99 388 149 tant
410 97 441 146 tt
462 97 622 146 murteta.
647 95 723 146 ott.
747 97 773 144 1.
921 93 986 170 143

87 183 120 236 et
135 167 297 235 elementis
314 187 410 256 atque
425 169 596 236 animabus.
611 168 785 274 Quiqvero
800 165 897 254 prima
915 187 988 231 cor·

88 277 207 343 porum
223 258 376 347 principia
390 259 574 344 animaeque
590 258 744 347 simpirces
760 277 798 321 ex
813 255 879 320 aliis
894 275 991 341 prae-

89 346 297 422 existentibus
322 347 394 410 oriri
411 367 475 410 non
499 363 650 434 possunt,
675 347 760 410 Deus
779 343 862 428 ¹haec
885 344 990 409 omnia

90 455 130 497 ex
153 431 250 500 nihilo
273 433 425 524 produxit
444 453 542 524 atque
565 435 695 500 creavit.
717 431 775 498 Est
798 425 872 517 ergo
900 434 988 500 Deus

89 540 215 587 creator
240 525 338 590 totius
365 523 473 588 mundi
498 522 719 608 adspectabilis
748 538 778 588 et
805 523 990 588 animarum.

87 609 178 676 Hinc
201 615 364 700 sequitur,
387 612 492 676 Deum
508 631 539 678 et
554 613 713 678 intellectu
730 629 760 676 et
778 613 990 698 propria-vo·

87 699 213 766 luntare
229 701 376 788 gaudere.
393 700 461 764 Has
477 701 558 765 enim
574 701 653 765 duas
670 694 837 765 facultates
845 702 882 764 'in
897 697 989 764 nobis

89 788 319 855 observamus:
344 811 438 854 nemo
459 808 564 854 autem
586 787 668 865 dat,
692 785 782 876 quod
800 788 989 868 nonhabet,

90 893 128 942 ut
145 878 272 964 vulgare
288 876 348 944 fert
363 877 497 955 axioma,
512 898 589 966 ergo
604 876 703 952 Deus,
719 873 773 961 qui
788 877 904 940 animas
917 885 991 940 nos²

90 981 157 1029 tras
173 967 309 1045 creavit,
331 981 378 1032 est
400 985 454 1032 ens
475 964 638 1031 intellectu
653 984 689 1028 ac
705 963 801 1028 libera
824 965 990 1034 voluntate

92 1055 291 1139 praecissum,
315 1053 451 1142 ideoque
475 1055 611 1141 spiritus.
633 1051 675 1116 Er
689 1053 762 1140 quia
779 1069 825 1116 est
842 1072 895 1118 ens
913 1073 930 1117 a
945 1075 990 1130 se,

92 1160 133 1206 ac
157 1143 288 1228 proinde
316 1143 468 1208 infinitum
491 1159 587 1229 atque
610 1141 825 1228 independens
842 1141 882 1204 ab
905 1143 991 1208 omri

92 1228 159 1293 alio
177 1247 271 1310 ente,
296 1246 344 1295 est
358 1251 485 1320 quoque
502 1233 626 1317 spiritus
641 1231 774 1294 infinitus
789 1247 821 1295 et
835 1230 993 1316 indepen-

90 1315 183 1382 dens.
210 1313 353 1384 Tandem
379 1337 527 1397 constat,
553 1339 694 1404 corpus,
716 1317 804 1406 quod
831 1331 989 1401 movetur,

91 1427 190 1493 posse
208 1407 390 1494 quiescere3
411 1407 462 1472 vel
477 1407 539 1470 alio
554 1406 652 1471 modo
673 1405 813 1483 moveri,
829 1424 865 1472 ae
883 1408 992 1494 proin·

90 1492 137 1558 de
153 1514 272 1560 motum
292 1495 453 1581 ipsiusque
469 1495 674 1560 directionem
687 1515 752 1560 esse
766 1495 840 1580 quid
858 1497 990 1559 contin·-

91 1604 171 1670 gens
198 1604 344 1670 respectu
374 1584 537 1670 eorporis,
567 1582 703 1668 ideoque
737 1585 912 1660 rationem,
939 1585 991 1649 cui

92 1691 215 1758 corpus
230 1670 398 1760 quodlibet
415 1677 489 1738 data
504 1671 662 1738 ceie‘ritate
678 1687 710 1734 et
729 1670 902 1737 directione
917 1693 991 1734 mo·

91 1778 224 1839 vearut,
240 1763 269 1827 io
282 1763 350 1848 ipsa
364 1761 507 1848 corporis
522 1762 650 1826 essentia
666 1781 730 1823 non
745 1760 917 1837 contineri;
933 1757 990 1826 sed

92 1850 320 1914 recurrendum
334 1869 400 1914 esse
415 1849 456 1913 ad
473 1869 595 1914 causam
611 1864 771 1914 externam
787 1851 931 1936 corpori,
955 1865 990 1916 ut

92 1935 174 2000 haec
203 1939 282 2002 ratio
308 1938 503 2015 inveniatur3
534 1937 689 2003 invenitur
715 1959 818 2002 autern
850 1936 879 1999 in
906 1936 989 2016 Deo,

55 2069 56 2074 κ
93 2027 152 2110 qui
178 2027 328 2092 mundum
353 2029 493 2103 creavit,
525 2043 693 2112 partesque
716 2027 811 2114 ipsius
829 2025 991 2112 ,disposuit

92 2135 135 2180 ac
166 2118 263 2178 movit
289 2136 460 2199 numquam
488 2116 561 2177 satis
588 2115 730 2178 mirando
756 2113 880 2181 ordine.
906 2115 992 2180 Hine

95 2202 235 2266 mundus
249 2203 471 2290 adspectabilis
487 2218 534 2268 est
551 2202 647 2266 veluti
664 2205 845 2286 speculum„
872 2204 901 2266 in
925 2213 992 2289 quo

96 2309 166 2356 tunt
184 2291 347 2358 existentia
368 2293 427 2356 Dei
446 2308 514 2356 tum
528 2290 592 2356 eius
607 2289 756 2371 attributa
772 2289 992 2376 resplendent,

95 2397 130 2444 et
147 2377 278 2468 physica
294 2398 340 2444 est
358 2399 512 2466 perpetua
526 2379 583 2444 Dei
600 2379 843 2466 divinorumque
858 2377 993 2442 attribu*

68 2483 70 2488 ’
95 2484 204 2536 toturn
229 2469 454 2534 demonstratio
469 2513 488 2545 ,,
503 2467 569 2533 sive
594 2489 730 2556 corpora
756 2466 863 2530 mundi
884 2469 994 2535 toralia

93 2578 272 2643 eorumque
290 2557 435 2622 ordinem
457 2577 494 2621 ac
518 2573 645 2635 motus,
668 2557 732 2622 sire
755 2559 894 2642 partialis
910 2579 994 2622 con-

97 2647 299 2731 templentur.
333 2645 418 2732 Ergo
450 2644 531 2710 cosli
556 2661 713 2710 enarrant
743 2644 886 2732 glorians
914 2647 995 2727 Det',

97 2747 132 2798 et
158 2735 256 2820 opera
279 2754 432 2798 manuum
455 2737 523 2798 r'r‘us
548 2739 723 2801 annuntiat
738 2732 994 2817 firmamentum.

98 2819 213 2886 Psalm.
233 2821 283 2886 18.
298 2845 331 2886 v.
350 2842 381 2886 2.
402 2819 576 2910 interroga
596 2828 762 2900 nimenta,
783 2819 814 2888 et
839 2823 996 2888 docebunt
1020 2859 1022 2864 ·

98 2925 134 2975 te
146 2957 157 2986 ,
182 2925 214 2974 ee
242 2907 395 2976 volatilia
422 2907 523 2987 coeli,
553 2927 585 2976 rt
612 2911 804 2976 indicabunt
829 2913 891 2975 riht
904 2935 914 2970 .·
943 2912 995 2973 lo·

5 2997 6 3002 ’
98 3019 199 3086 quere
221 3013 332 3064 terrae
363 3013 395 3062 rt
417 2998 627 3087 respondebit
651 3004 735 3080 tibi,
757 3015 790 3067 et
812 2998 995 3066 narrabunt

718 3235 722 3288 i
