2298 3418
202 196 271 246 ms
293 200 333 248 ιι.
358 196 686 250 consenescere.
821 181 886 276 169

79 265 239 349 merctur,
270 293 387 358 nempe
427 269 642 349 ecolesinae,
680 273 887 358 exceptione,

37 363 39 366 ’
81 363 317 506 comparativae,
343 363 544 447 incoeptivar
572 376 605 426 et
627 359 799 427 desitirae.

154 445 488 530 ropusitiosaarclasr‘va
510 469 548 513 ea
564 466 636 528 est,
662 449 690 512 in
711 469 775 534 qua
789 469 890 537 prae·

88 524 191 596 dicerunt
210 536 268 598 soli
287 535 457 614 subiecto,
489 535 625 602 exclusis
640 535 787 602 omnibus
808 537 889 618 aliis,

86 614 211 686 tribuitur.
238 625 292 693 Vt
309 646 408 712 quum
435 624 576 690 dicitur:
606 630 710 692 virtus
737 641 786 691 css
813 621 888 692 sola

77 721 156 790 atque
169 713 264 780 arura
278 710 459 792 nobilitas,
487 711 521 778 id
544 731 590 780 est
605 761 617 792 ,
641 717 747 780 uirtus
762 730 812 780 ast
827 737 888 786 noe·

74 793 192 877 bilitas,
221 797 375 870 arcella
402 800 474 868 alia
491 819 630 889 praeter
658 807 814 870 virtutem
837 816 889 870 rso

72 883 216 954 nobilitas.
885 921 889 930 ·

126 973 302 1064 Propositio
317 981 491 1066 exceptiva
506 995 577 1058 est,
606 999 706 1067 quum
722 979 890 1066 praedices

72 1069 128 1136 urm
141 1063 338 1144 affirmatur,
361 1069 410 1132 vel
426 1087 557 1154 negatur
574 1067 613 1132 de
626 1065 794 1144 subiecto,
820 1069 889 1156 qui·

73 1142 367 1244 bssusdarnexceptis.
392 1155 431 1220 E.
456 1178 487 1244 g.
516 1177 621 1222 muner
641 1159 707 1222 nisi
723 1161 891 1242 poeniten·

73 1237 140 1302 tiam
152 1248 311 1331 egeritis,
335 1247 497 1332 peribitis.
525 1243 757 1332 Comparariva
774 1263 841 1322 est,
859 1245 890 1312 iu

71 1343 122 1408 quo
148 1333 337 1417 exprimitur
365 1333 563 1420 comparatio
594 1336 685 1398 unius
713 1355 784 1400 curn
816 1335 891 1414 alio,

70 1415 143 1494 quod
156 1421 271 1510 aliquo
291 1441 382 1486 sensu
401 1421 500 1486 maius
519 1423 568 1486 vel
583 1423 683 1490 minus
699 1441 758 1488 est.
788 1421 827 1486 E.
860 1442 891 1510 g.

69 1500 203 1574 Achilles
221 1506 609 1590 Hecrnrcfnrtt'orfuir,
631 1512 663 1574 id
680 1526 753 1588 est,
776 1508 893 1574 Aciris

69 1583 108 1652 les
120 1593 224 1672 fortis
244 1595 350 1678 fuit,
378 1599 472 1662 immo
498 1602 568 1686 ipso
592 1593 739 1664 Hectore
755 1594 892 1675 fortior.

69 1677 240 1750 Cavendum
257 1702 363 1752 sutem
377 1701 449 1763 est,
472 1706 512 1752 ne
529 1705 700 1774 putemus,
718 1683 893 1772 positivum

69 1769 183 1849 stadum
207 1773 357 1842 eiusdem·
380 1776 612 1860 comparativi,
644 1775 733 1860 quod
762 1773 793 1838 iu
811 1795 893 1859 pto-⁴

72 1858 213 1934 positione
255 1862 452 1941 adhibetur,
488 1863 616 1948 utrique
647 1863 907 1952 comparationis·

70 1945 195 2014 membro
220 1952 399 2018 necessario
424 1953 603 2017 convenire.
630 1948 894 2020 intersumus·

69 2031 130 2096 uim·
145 2037 310 2106 dicimus:
334 2035 447 2104 melior
475 2055 525 2105 ast
552 2039 685 2106 honesta
707 2056 894 2130 paupertas

69 2120 140 2188 male
151 2131 267 2212 partis
282 2127 408 2194 divitiis
426 2174 437 2206 ,
465 2143 527 2194 nec'
540 2145 645 2194 tamen
667 2129 811 2194 volumus
827 2129 895 2214 sig-

70 2208 206 2296 nificare,
234 2217 316 2283 mule
340 2235 445 2304 partas
466 2215 595 2282 divitias
618 2215 718 2280 bonas
733 2234 811 2283 esse.
839 2215 896 2282 In·

70 2308 204 2387 coeprroa
223 2321 297 2384 est,
327 2306 357 2368 in
383 2325 447 2391 qua
470 2306 588 2391 aliquid
615 2305 775 2390 incipere;
803 2304 897 2370 deri·-

70 2387 133 2452 tr'ua'
157 2392 189 2458 in
221 2415 284 2480 qua
311 2393 431 2480 aliquid
458 2391 608 2460 desinere
642 2393 771 2458 dicitur.
810 2394 898 2458 Nutu
982 2427 983 2436 ¹

72 2470 125 2538 duo
138 2479 167 2544 iu
190 2481 237 2545 his
260 2477 537 2570 propositionibus
555 2483 757 2548 continentur
772 2481 897 2563 iudicia,

70 2582 195 2652 quotum
214 2591 314 2636 unum
332 2569 468 2638 refertur
487 2570 684 2650 adstruunt,
711 2573 743 2636 in
766 2593 832 2658 quo
850 2593 898 2640 res

74 2669 130 2717 erat
144 2703 156 2734 ,
183 2677 354 2746 antequam
368 2658 545 2744 inciperet,
573 2681 625 2724 aut
643 2660 799 2727 desineret
812 2683 821 2738 ς
833 2661 897 2725 ‘ai-

72 2753 165 2808 terum
179 2746 220 2820 ad
235 2744 309 2813 euru¹
324 2767 464 2825 statum,
492 2745 604 2833 itique
622 2767 679 2813 est.
708 2747 746 2812 E.
775 2772 804 2836 g.
822 2749 897 2833 dum

75 2825 358 2924 dicimustlingua
384 2835 493 2900 latina
523 2862 543 2900 a
569 2837 692 2902 Tiberii
705 2839 901 2924 principatu
966 2901 969 2904 ,

75 2927 225 3012 corrumpi
245 2927 349 3012 coepit
362 2947 380 3002 s·
408 2923 494 2991 idem
511 2943 585 3007 est,
614 2946 651 2990 ac
666 2923 690 2986 si
710 2926 897 3002 diceremus,
