2326 3438
224 123 288 190 ado
413 143 433 182 .³
460 141 648 190 tutatrvr.
679 141 810 190 muos-
854 143 859 150 ’

222 213 300 278 tere.
328 208 440 292 Quare
462 213 536 278 nihil
556 229 679 299 praeter
700 213 805 279 lumen
827 221 861 275 et
876 215 979 276 a‘e'rem
1001 229 1055 275 au-

223 317 328 388 perest
355 300 622 368 examinandum:
651 297 726 386 sslhll
751 297 835 366 enim
859 299 1073 364 inteream-1

222 409 339 476 panam
358 409 391 454 er
412 411 517 454 aurem
539 407 664 478 praeter
684 387 762 454 haec
782 387 849 451 duo
863 387 1056 474 detegimus,

222 475 311 561 quod
332 474 390 542 sub
412 499 520 544 sensus
537 478 642 543 cadat.
672 477 734 543 Sed
755 495 850 540 sonus
865 474 1058 540 intenebris

222 585 286 629 non
303 565 424 631 tollitur
441 610 451 643 ‚
479 566 655 653 nequidem
671 565 873 639 debilitatem
899 583 976 651 ergo
991 585 1057 628 so·

222 652 272 716 lus
305 658 357 718 a'e'r
382 655 608 722 examinandus
635 672 804 719 nunciest.
832 649 862 718 Si
888 671 991 717 autem
1019 653 1057 716 iu

221 740 365 828 machina
388 744 585 829 pneumatica
607 741 739 807 tollatur
759 745 835 820 aer,
862 761 958 804 sonus
978 761 1058 806 eva·

222 830 323 894 nescit
338 853 348 908 ς
375 830 464 896 unde
478 831 550 895 huic
564 851 676 897 causae
694 830 754 894 toli
770 829 886 896 dictam
901 849 1055 894 commu-

222 917 413 986 nicationem
425 941 493 985 etse
508 918 707 984 tribuendam
720 963 730 996 ‚
743 914 949 982 *manifestum
967 938 1054 982 nunc
1097 925 1101 932 '

223 1023 284 1072 est.
311 1008 393 1094 28ed
415 1008 581 1094 quomodo
610 1007 674 1072 hoc
701 1007 755 1069 fit?
784 1007 957 1091 ,translato
983 1005 1054 1092 ipso

225 1098 323 1174 aere,
353 1098 404 1161 vel
424 1095 485 1160 hoc
502 1118 565 1161 non
587 1096 758 1160 translato?
788 1095 923 1182 primum
940 1092 1057 1158 salsum

181 1245 183 1250 .
225 1203 293 1249 esse
308 1181 399 1250 facile
415 1182 570 1270 probatur
587 1206 597 1262 ς
622 1187 699 1273 ergo
712 1205 769 1270 per
780 1187 905 1260 aetem,
929 1200 960 1247 et
977 1182 1061 1268 quiq

225 1267 298 1335 dem
322 1293 378 1358 per
404 1271 489 1336 hunc
514 1293 578 1337 non
603 1273 786 1337 translatum
809 1271 1062 1334 communicatio

225 1356 321 1424 datur
346 1360 426 1426 inter
453 1381 560 1426 autem
585 1378 618 1426 et
640 1381 838 1446 campanam,

292 1447 391 1516 Nunc
411 1447 454 1514 de
474 1469 550 1514 aure
571 1448 728 1536 agendum
746 1465 812 1528 est.
841 1441 882 1510 In
908 1442 967 1510 hac
997 1443 1059 1512 de·
1155 1525 1156 1530 γ

224 1535 357 1625 tegimus
376 1536 545 1602 cavitatem
562 1538 699 1602 exterius
714 1548 884 1624 apertam,
911 1538 983 1599 aere
998 1553 1056 1599 te·
1155 1535 1156 1554 ³

226 1625 369 1712 pictam,
402 1625 497 1690 instar
530 1624 723 1704 canaliculi,
754 1624 842 1689 cuius
876 1640 1055 1688 extremum
1154 1685 1155 1692 ,

225 1713 352 1777 interius
373 1712 530 1778 clauditur
553 1711 733 1778 membrana
751 1729 939 1802 tympanum
957 1709 1059 1787 dicta,
1154 1729 1155 1732 ’

177 1811 179 1817 ’
226 1798 357 1887 oblique
378 1802 491 1886 posita.
515 1801 646 1888 Separat
666 1800 744 1866 haec
763 1801 951 1866 exteriorem
972 1799 1057 1862 antis

227 1889 394 1954 cavitatem
410 1886 450 1952 ab
464 1888 600 1970 interiori
615 1933 625 1967 ,
646 1909 729 1976 quae
743 1888 838 1954 etiam
852 1892 953 1951 a'e'rem
971 1907 1056 1950 con-

226 1975 330 2044 tinet:
359 1976 388 2038 in
411 1975 469 2042 hac
494 1977 691 2063 reperiuntur
712 1976 835 2042 canales
850 1975 955 2052 tatii,
985 1995 1058 2038 mo·

138 2123 142 2131 r
227 2063 273 2128 do
294 2065 440 2150 peculiari
457 2065 627 2154 dispositi,
654 2087 695 2130 ex
710 2065 837 2129 materia
852 2061 979 2129 elastica
999 2082 1058 2126 os-

228 2171 280 2218 sea
302 2148 451 2219 formati:
477 2174 547 2218 ossa
568 2173 698 2240 quoque
723 2153 842 2218 minora
870 2168 1056 2230 occurrunt,
1153 2221 1154 2224 Ἴ

228 2261 311 2328 quae
341 2243 531 2331 agitantur,
566 2241 618 2306 ubi
648 2261 841 2331 tympanum
871 2259 1056 2328 percussum
1153 2245 1154 2306 l

227 2346 318 2396 motu
346 2330 481 2397 tremulo
509 2327 654 2394 aflicitur.
684 2327 827 2395 Tandem
857 2327 887 2390 in
915 2325 1057 2394 interiori

228 2415 291 2482 hoc
310 2439 390 2482 cavo
413 2419 591 2496 terminati,
623 2435 742 2484 etcum
762 2416 913 2492 ossibus,
944 2412 1057 2502 quibus

228 2505 467 2584 circumdatur,
492 2505 661 2575 cohaerere
684 2503 885 2590 observamus
912 2497 1057 2583 nervun'r,

229 2594 318 2662 cuius
343 2593 506 2680 agitationi
531 2594 767 2682 perceptionem
792 2594 859 2658 soni
882 2587 1057 2656 tribuimus.

295 2679 422 2832 Repula
435 2705 467 2747 v.
491 2680 700 2770 Singularium
710 2683 965 2770 propositionum
973 2677 1058 2759 fac·

227 2779 268 2832 ta
306 2789 341 2832 co
357 2767 503 2849 latione,
542 2769 696 2834 debemus
737 2768 851 2834 larunt
892 2779 1058 2832 numerum

171 2928 174 2935 ¹
228 2856 387 2938 minnere,
401 2855 501 2927 donec
512 2856 564 2922 ad
574 2859 939 2948 unicampervaeniamns
946 2899 958 2934 ,
974 2873 1058 2944 quat
1151 2875 1152 2878 ’
