2326 3438
282 185 367 234 enar
389 185 415 231 r.
438 181 725 234 uuraenrstoau.
901 189 923 260 3

11 325 12 334 χ
157 253 358 346 Ontologicis
374 255 539 324 vocabulis
554 253 775 344 saepesaepius
789 251 822 322 iu
836 277 925 322 cont·
1007 299 1011 307 .
1060 304 1062 316 ,

10 335 16 452 i
87 343 177 408 muni
192 365 332 412 sermone
349 344 487 424 utimur,
510 367 541 410 v.
558 367 587 436 g.
605 344 807 426 existentiae,
824 345 923 410 subs·

12 480 13 497 r
89 432 231 513 tantiae,
262 455 440 522 personae,
463 432 686 519 aequalitatis,
714 431 926 524 inaequalita-

91 523 130 582 tis
152 538 212 587 cet.
243 523 362 610 quibus
391 521 465 587 licet
485 519 668 600 confusam,
693 537 829 588 attamen
856 525 928 589 cla-

91 631 157 673 ram
173 609 330 698 iungimus
348 611 534 677 notionem·
547 608 589 674 Et
606 609 733 698 quidem
755 631 853 696 quum
870 634 928 678 ea·

91 717 160 762 turn
183 699 397 766 definitionem
421 716 601 764 accuratam
622 719 685 780 non
703 701 857 786 possimus
874 697 928 765 af-

88 781 194 866 ferre,
216 785 489 875 patet-vocabulis
512 787 568 852 illis
592 783 739 853 confusas
762 789 847 877 iungi
867 811 928 854 no-

89 875 203 942 tiones.
225 876 311 956 Quia
332 876 532 945 lamentatis
554 883 705 954 constat,
728 877 842 961 quoin
865 897 926 941 ca-

90 983 129 1028 su
150 963 333 1032 adhibenda
354 965 414 1030 sint
426 1011 438 1044 ,
455 963 528 1030 licet
551 961 635 1030 nulla
655 961 838 1032 definitione
855 984 928 1032 uta·,

90 1062 185 1131 mur,
206 1053 314 1120 iisdem
345 1054 445 1119 claras
468 1053 612 1118 notiones
641 1049 832 1140 iungamus,
863 1073 925 1119 ne-

48 1137 51 1144 ’
91 1162 183 1206 cesse
207 1159 266 1206 est.
288 1142 398 1222 Quare
421 1143 564 1230 vulgares
591 1139 793 1229 ootologicae
817 1142 924 1206 notio·

94 1251 150 1295 nes
172 1227 320 1296 confusae
346 1230 441 1295 veluti
466 1220 635 1318 quamdam
656 1229 838 1318 ontologiae
861 1248 928 1298 na-.

10 1335 12 1364 ὲ
90 1319 202 1384 ruralis
234 1321 369 1404 speciem
399 1319 607 1382 constituunt.
641 1315 922 1398 Quemadmodum

10 1439 12 1442 ·
88 1431 168 1499 ergo
193 1409 293 1496 logica
317 1406 484 1480 artificialis
509 1424 566 1488 est¹
582 1403 726 1472 distincta
750 1407 925 1494 explicatio

89 1498 214 1586 logicae
235 1495 406 1573 naturalis,
429 1494 472 1559 ita
489 1489 664 1582 explicatio
691 1493 837 1560 distincta
860 1514 931 1564 on-.

90 1581 239 1675 tologiae‘
256 1584 402 1650 naturalis
431 1582 493 1647 dici
521 1593 634 1672 potest¹
652 1580 817 1670 ontologia
844 1582 933 1662 arti-y

89 1675 212 1740 ficialis.
235 1674 363 1760 Nempe
386 1671 532 1737 notiones
553 1665 724 1749 confusas,
747 1690 829 1758 quae
853 1685 943 1750 sunt,

89 1762 279 1854 ontologiae
301 1760 463 1839 naturalis,
480 1761 519 1826 ad
535 1759 699 1826 distinctas
723 1769 851 1823 revocat
866 1757 929 1822 ou·

43 1927 48 1936 ‚
90 1854 212 1942 tologia
237 1848 420 1927 artificialis,
452 1863 484 1914 et
512 1847 747 1938 propositiones
771 1867 862 1938 vagas
885 1841 942 1914 ad

94 1940 324 2021 determinatas
346 1935 480 2004 reducit.
928 1946 930 1954 ’

407 2107 566 2182 CAPVT
597 2105 627 2174 Ι.

293 2288 339 2357 De
358 2289 532 2379 principiis
557 2279 747 2374 ontologiaet

353 2460 627 2533 ARTICVLVS
653 2457 681 2526 1.

245 2635 302 2709 De
323 2640 486 2732 principio
512 2634 791 2707 cotttradictionit·

101 2845 214 2972 Earn
229 2904 406 2996 experimur
431 2903 544 2981 mentia
568 2901 693 2966 nostrae
715 2897 876 2978 naturam,
901 2911 940 2973 ut,

610 2988 679 3058 Va
