2258 3428
188 198 271 250 PARS
293 200 322 248 1.
345 199 514 251 zoninus.
536 199 616 251 cn.
642 199 728 250 m.
832 201 892 276 135

46 270 155 356 nique
167 315 178 349 ,
201 293 298 358 quum
318 275 538 360 compositum
558 274 662 360 ipsum
687 268 842 339 dividitur
863 277 897 340 in

50 361 130 424 illas
144 379 242 442 partes
256 405 267 439 ,
283 384 368 448 qnae
383 383 450 427 nou
465 362 507 428 nd
521 365 691 430 essentiam
705 361 824 445 ipsius,
842 364 898 428 sed

14 508 16 516 ,
58 445 106 510 ad
129 448 208 513 iilius
236 452 451 538 integritatem
473 469 509 516 et
536 449 766 536 perfectionem
796 451 900 540 perti·

60 553 143 602 neor.
172 537 287 618 Quare
308 557 415 626 partes
436 540 511 606 illae
531 543 714 630 integrales
735 538 787 606 vel
807 546 899 607 inle-

56 642 193 714 granles
219 627 406 708 dicuntur,
435 646 473 696 ut
500 627 632 692 hominis
658 627 719 695 alia
745 649 820 718 pars
848 644 899 696 est

57 734 181 800 ceput,
211 713 341 796 brachia
365 735 432 783 cet.
461 717 563 784 Prima
585 716 751 783 divisionis
778 717 899 806 species

47 807 197 890 partitio
227 806 356 870 dicitur.
385 806 415 870 Si
444 824 550 874 torum
573 805 703 892 aliquod
730 807 762 870 in
791 825 898 894 partes

52 913 128 956 suas
152 897 348 980 potentiales
367 894 555 974 dividatur,
579 895 670 982 quod
692 893 757 960 fieri
777 895 901 962 intelli-

51 981 187 1070 gimus,
210 982 268 1048 ubi
280 1005 381 1072 genus
395 984 427 1048 in
444 984 542 1048 varias
559 983 678 1086 species
695 1025 705 1060 ,
733 999 765 1046 et
781 985 898 1068 species

52 1071 129 1156 ipsa
160 1071 196 1134 in
218 1072 302 1137 varia
328 1072 490 1138 individua
519 1071 702 1148 dividitur,
731 1067 786 1135 ubi
810 1093 900 1138 nem-

55 1177 102 1244 pe
129 1177 353 1228 enumerantur
377 1161 486 1226 omnia
523 1160 710 1238 individua,
750 1181 832 1246 quae
867 1161 900 1226 in

57 1245 172 1332 alique
198 1251 301 1334 specie
314 1293 325 1328 ,
354 1265 386 1316 et
402 1250 522 1337 species
547 1269 761 1335 omnesquae
783 1248 815 1312 in
837 1249 900 1313 ali·
947 1333 951 1340 1

55 1357 127 1424 quo
147 1357 265 1426 genere
284 1341 512 1415 continentum
535 1354 613 1404 tunc
635 1339 694 1404 erit
715 1338 824 1402 divisio
834 1359 900 1426 po·
960 1397 964 1414 ,

56 1424 225 1492 rentialis.
252 1426 440 1493 Potentialis
465 1429 558 1496 eriam
579 1427 689 1492 divisio
705 1427 899 1512 appellatur,

60 1515 85 1578 si
100 1514 268 1580 dividatur
282 1515 433 1582 accidens
454 1515 486 1580 in
502 1514 644 1600 subiecta
659 1561 671 1592 ,
700 1513 762 1576 hoc
773 1531 847 1592 est,
875 1515 900 1577 si

63 1621 289 1669 enumerentur
311 1606 416 1670 omnia
440 1605 607 1699 spbieota,
634 1600 749 1691 quibus
773 1601 902 1687 aliquod

68 1691 219 1754 accidens
239 1693 335 1760 inesse
352 1694 474 1782 poterit
490 1741 500 1772 ,
530 1687 585 1758 au‘t
606 1691 632 1756 si
647 1689 808 1756 dividatur
822 1689 904 1754 sub-

72 1776 193 1842 iectum
216 1774 314 1866 ipsum
338 1783 370 1846 in
394 1781 600 1862 accidentia,
627 1801 711 1868 quae
737 1777 771 1842 in
792 1777 903 1868 aliquo

75 1863 219 1931 subrecto
245 1872 454 1958 reperiuntur.

113 1953 179 2023 lll.
223 1955 354 2049 Leges,
382 1981 465 2048 quae
478 1959 518 2022 -in
535 1957 685 2025 divisione
706 1956 824 2023 servari
844 1955 903 2024 de·

68 2041 145 2110 bent
161 2091 173 2126 ,
197 2049 259 2113 etsi
293 2049 448 2134 plurimae
478 2046 580 2114 afferri
611 2047 762 2124 soleant,
790 2067 902 2112 omnes

66 2151 175 2200 tamen
205 2135 250 2201 ad
277 2157 397 2222 paucas
426 2139 538 2204 ceteris
570 2135 712 2204 utiliores
745 2133 923 2210 reducunr

65 2239 147 2302 tur,
179 2246 257 2310 quas
270 2224 412 2292 breviter
427 2223 668 2314 explicabimus.
698 2235 746 2285 ιβ
765 2267 776 2301 ,
801 2221 906 2288 Divi·

61 2316 168 2380 sr'onr's
193 2315 339 2380 membra
355 2337 412 2381 reu
432 2329 551 2404 parter
573 2331 764 2400 exaequare
785 2309 906 2376 debent

62 2415 175 2468 totum
200 2401 344 2468 divisum
358 2424 373 2480 ;
403 2403 447 2468 ita
475 2419 510 2466 ut
534 2423 592 2468 nec
618 2402 711 2490 plura
739 2418 796 2463 neo
821 2419 907 2483 pau-

63 2491 159 2554 ciora
179 2489 241 2556 sint
264 2491 295 2555 in
319 2491 471 2556 divisione
496 2489 660 2569 membra,
686 2509 783 2578 quam
800 2487 832 2550 in
849 2501 907 2556 to·

63 2595 105 2642 to
134 2577 263 2657 diviso,
290 2580 379 2666 quod
404 2579 531 2668 quidem
559 2595 648 2662 patet
666 2599 706 2645 ex
727 2579 794 2665 ipsa
818 2573 908 2640 divi·

63 2666 172 2732 sionis
190 2667 380 2736 definitione.
394 2685 457 2734 Μ
479 2713 488 2746 ,
508 2667 592 2748 Quia
608 2689 685 2733 vero
700 2665 829 2754 partitio
842 2665 907 2732 dis·

64 2753 236 2822 tinctionis
257 2777 351 2822 causa
373 2759 430 2837 fir,
461 2756 638 2825 cavendum
651 2769 700 2820 est
719 2775 759 2818 ne
764 2751 835 2834 fiat
848 2753 909 2820 dr·-
967 2829 968 2832 Ἴ

63 2848 154 2912 visin
186 2848 220 2907 in
248 2848 391 2911 membra
420 2850 514 2912 nimis
541 2839 834 2934 magna„quibus
872 2862 911 2907 ea

4 2991 7 3016 ‚
65 2932 344 3018 conlunlautur,
372 2957 452 3024 quae
477 2931 626 3023 distingui
650 2945 764 3022 opotet
778 2949 794 3014 5
820 2943 856 2992 ut
884 2929 913 3008 si
