2270 3416
224 145 309 193 tans
335 134 656 197 11.tr'ntneu.ntn.
684 151 714 194 t.
873 135 935 218 149'

28 209 178 302 theologi
195 213 274 282 inter
291 240 324 284 se
346 218 524 306 disputent,
546 241 585 284 an
602 221 653 282 iun
676 219 714 281 sit
733 219 781 282 vis
805 215 938 300 iofittt‘ra

29 299 265 390 intellegendi,
293 330 336 371 an
362 305 492 394 infinita
517 305 717 386 omnimoda,
740 329 784 370 art
810 327 938 370 summa

26 388 211 476 perfectio,
241 417 285 460 att
313 401 465 472 atet'tcrs,·
496 418 571 486 ergo
597 395 657 459 Dei
689 396 849 460 existentia
872 395 938 460 de-.

33 481 199 542 monstrati
216 501 280 544 non
307 499 422 568 potest.
451 483 551 572 Resp.
573 485 646 548 dist.
669 485 739 548 mai.
767 483 937 548 existentia

32 563 84 630 De
106 564 317 634 demonstrari
343 593 406 637 uon
429 588 555 658 potest,
571 574 625 634 nisi
647 575 732 659 prius
748 576 874 658 cognita
893 573 936 636 sit

32 653 128 739 ipsius
152 657 307 735 essentia,
323 657 384 722 hoc
406 678 451 726 est
468 661 523 722 nisi
550 661 633 740 prius
657 659 800 724 tradatur
826 659 938 724 delini·

34 742 80 804 tio
97 745 234 809 nominis
259 747 334 822 Dei,
357 767 413 834 per
429 769 522 833 quam
545 748 584 813 ab
601 747 666 811 aliis
692 747 816 814 entibus
844 745 936 810 suffi-

33 829 157 897 cienter
182 832 409 924 distinguatur,
434 837 474 901 C.
500 837 573 900 mai.
596 838 653 900 nisi
682 839 769 924 prius
794 835 938 926 solvatur

33 921 200 1004 quaestio,
217 923 251 984 iu
273 945 338 1008 quo
358 924 507 988 consistat
531 923 665 990 essentia
687 925 763 998 Dei,
787 923 831 984 N.
848 925 934 1002 mai,

32 1025 65 1072 et
83 1009 234 1094 permissa
254 1010 394 1089 minori,
422 1012 468 1077 N.
493 1033 579 1076 cons.
602 1010 718 1100 Itaque
741 1011 934 1076 existentiam

33 1093 97 1159 Dei
129 1095 392 1178 demonstraturi,
420 1101 575 1184 explicare
604 1103 737 1184 primum
768 1097 933 1178 debemus,

33 1182 116 1270 quid
139 1187 263 1252 nomine
290 1187 349 1252 Dei
368 1188 495 1275 intelligi
516 1187 671 1252 vellimus.
697 1185 736 1252 In
762 1188 860 1272 prima
878 1188 935 1252 de·
1003 1213 1006 1218 ·

33 1274 263 1340 monstratione
286 1275 389 1340 Deum
412 1275 609 1341 definivimus
633 1299 688 1341 ent
702 1302 723 1340 a
737 1297 790 1352 se,
818 1276 935 1361 inquo

30 1362 212 1424 continetur
229 1362 308 1427 tatio
327 1361 481 1430 sufficiens
498 1367 604 1430 mundi
619 1364 708 1428 huius
727 1362 934 1449 adspectahi-

29 1448 90 1524 lis,
116 1448 147 1512 iu
174 1451 271 1516 altera
295 1474 356 1516 ens
377 1452 673 1540 perfectissimum,
696 1471 791 1535 atque
815 1453 932 1518 inuicte

29 1537 245 1618 ostendimus,
269 1539 448 1605 huiusmodi
473 1563 525 1606 ens
551 1541 699 1608 existere.
732 1539 854 1604 Deinde
874 1539 935 1604 de·

28 1628 297 1704 monstravimus,
324 1629 396 1691 Deo
425 1631 467 1692 sic
498 1629 627 1694 definito
647 1627 829 1696 ,convenite
853 1627 935 1692 atri·

29 1710 113 1778 buta
126 1761 137 1792 ,
153 1737 234 1802 quae
255 1737 293 1780 ex
317 1715 534 1781 communibus
564 1717 725 1780 hominum
752 1717 935 1781 notionibus

30 1819 134 1887 atque
147 1825 188 1868 ex
202 1805 232 1867 S.
252 1807 405 1890 scriptura
432 1805 503 1870 Deo
523 1827 602 1872 veto
622 1803 835 1881 attribuutnr,
852 1823 883 1868 et
898 1825 935 1870 ea

29 1887 181 1973 ipsa,·in
204 1891 318 1978 quibus
344 1892 485 1980 theologi
514 1895 662 1960 esentlant
692 1891 825 1958 diuinam
860 1891 934 1956 for-

30 1977 169 2044 maliter
197 1983 366 2048 consistere
393 1980 531 2058 docent,
562 2005 696 2066 nempe,
731 1983 794 2044 vim
820 1976 934 2064 infini-

29 2080 124 2144 tam,
156 2071 346 2143 asciscerem,
375 2067 572 2146 infinitatem
600 2067 813 2133 omnimodum
840 2063 931 2132 'snm-

28 2175 182 2244 mamque
208 2155 447 2242 perfectionem.
477 2155 693 2234 Quamobrem
723 2156 846 2218 minime
873 2179 933 2221 ne-

32 2263 124 2307 cesse
152 2240 237 2321 fuit,
262 2263 296 2308 ut
325 2245 364 2309 ad
389 2245 664 2310 demonstrandam
697 2260 840 2308 accurate
872 2242 932 2307 Dei

30 2332 248 2408 existentiam,
269 2332 486 2418 qtraestionem
510 2335 600 2397 aliam
626 2331 755 2396 omnino
778 2330 935 2394 diversam

32 2421 247 2504 agitatetttus,
263 2441 377 2502 nempe
397 2423 540 2510 quisnam
558 2424 595 2484 sit
615 2418 747 2510 gradus
774 2421 934 2482 constitu-

29 2511 123 2572 rivus
148 2509 296 2572 essentiae
317 2510 398 2586 Dei,
423 2531 475 2573 seu
499 2510 659 2595 quodnam
689 2509 727 2571 sit
747 2504 883 2593 primum
900 2506 935 2568 il·

30 2593 110 2669 lud,
133 2597 220 2680 quod
243 2596 283 2661 de
310 2597 381 2660 Deo
408 2598 606 2681 coneipitur,
631 2613 662 2663 et
686 2617 726 2660 est
751 2616 813 2672 uuo
836 2594 934 2660 liuere

29 2681 256 2769 intelliguntur
276 2685 381 2748 omnia
408 2686 468 2749 Dei
494 2687 656 2750 attributa.
686 2685 774 2749 Haec
789 2684 934 2768 quaestio

31 2770 76 2836 ad
97 2769 261 2859 theologos
279 2771 423 2852 pertinet.
450 2773 564 2840 Obiter
590 2775 759 2838 observare
774 2771 845 2841 satis
860 2769 933 2849 erit,

36 2858 212 2944 quamlibet
237 2861 296 2924 Dei
315 2859 537 2946 perfectionem
565 2885 633 2928 esse
656 2859 837 2924 omnimode
861 2860 933 2922 infi-

37 2949 133 3010 nitam
144 2995 154 3024 ,
171 2969 207 3012 ac
233 2949 368 3036 proinde
392 2971 430 3016 et
449 2950 511 3014 una
527 2953 669 3036 qualibet
684 2944 877 3034 perfectione
894 2946 936 3008 iu·

37 3035 128 3104 finita
144 3035 278 3104 derivati
297 3057 393 3126 posse
412 3040 486 3104 alias
502 3061 610 3106 ornnes
627 3035 850 3129 perfeetloues.
867 3031 939 3100 tt'a«
