2298 3418
294 111 379 164 unns
393 113 424 163 rr
445 113 607 166 urrunnu.
630 113 707 166 cru.
727 113 758 164 r.
800 105 814 126 ·
922 113 964 196 r'3

85 179 294 268 iosu'phicae,
318 209 419 276 utque
435 186 513 254 haec
533 207 619 252 rrrna
643 208 662 253 e
683 185 798 254 nostris
821 189 967 260 manibus

92 271 173 359 eripi
195 276 439 360 permittendum
464 291 539 354 est,
565 274 656 364 quod
679 272 785 342 facere
807 297 967 348 tonantur

91 357 280 426 infensissimi
305 364 437 450 quidam
457 362 669 450 christianae,
693 365 791 432 immo
816 383 849 436 et
866 371 967 438 omnir

91 447 240 535 religionis
264 449 382 521 hustet.

344 628 628 704 ARTICVLVS
648 626 696 696 11.

190 799 250 874 De
270 810 390 876 menits
411 807 574 879 iumirnae
591 806 849 878 immortalitate.

89 993 313 1140 Eminentia
333 1072 395 1142 Dei
420 1092 454 1141 et
478 1074 692 1140 immortalitas
711 1072 824 1138 mentis
845 1072 965 1146 huma.

89 1170 145 1217 nae
159 1175 229 1225 sunt
246 1163 314 1229 duo
328 1166 426 1253 prima
439 1163 610 1252 principia,
629 1161 746 1252 quibus
758 1163 903 1230 universa
915 1189 965 1234 re·

86 1235 160 1326 ligio
172 1245 329 1318 innititur.
347 1253 376 1318 Si
394 1252 476 1318 eninr
497 1254 684 1318 alterutrum
699 1273 739 1316 ex
755 1249 815 1316 illis
831 1257 965 1323 courel·-

82 1324 129 1392 ias
138 1377 150 1409 ,
174 1337 234 1404 iam
254 1341 343 1406 omni
365 1341 484 1430 flagitio
500 1341 686 1409 latissimum
701 1360 818 1405 reseras
831 1343 963 1412 ostium.

85 1415 114 1479 si
126 1419 202 1490 nihil
216 1446 265 1495 est
277 1431 467 1516 sperandum
482 1431 533 1498 vet
545 1427 723 1495 timendum
736 1445 811 1515 post
824 1429 905 1498 hanc
917 1434 964 1498 vi·

85 1515 146 1572 tant
156 1558 168 1589 ,
181 1538 264 1604 gquo
279 1519 338 1582 iarn
353 1513 440 1583 freno
453 1525 603 1590 coircere
615 1515 735 1606 poteris
747 1519 871 1584 insanas
883 1543 965 1588 ntor.

82 1595 188 1666 talium
201 1605 415 1694 cupiditates?
645 1627 647 1633 ’
948 1642 952 1658 ν

124 1681 171 1754 11·
216 1691 465 1764 Immortalirar
500 1692 622 1760 definiti
660 1691 766 1758 solet:
795 1709 963 1786 perpetua

86 1778 165 1843 entis
189 1787 331 1851 viventis
355 1783 503 1850 duratio.
530 1782 633 1850 Emit
654 1781 783 1871 quidem
810 1789 960 1872 viventis,

86 1856 144 1927 hoc
159 1887 234 1952 est,
260 1871 403 1938 habentis
425 1875 456 1938 in
483 1893 517 1938 se
531 1872 661 1938 actionis
687 1872 814 1936 alicuius
837 1875 961 1959 princi-

85 1950 199 2038 pium3
227 1981 299 2026 uam
317 1961 439 2026 etiamsi
455 1961 558 2048 aliqua
574 1961 701 2028 materia
724 1981 786 2024 uon
805 1961 913 2028 vivens
928 1964 961 2032 in

83 2058 244 2114 aeteruum
266 2048 418 2116 duratura
441 2067 548 2131 esset,
572 2049 633 2115 dici
659 2069 725 2113 non
742 2047 872 2120 deberet
899 2051 960 2120 irn-

83 2137 238 2202 mortalis.

124 2216 192 2292 11-1.
238 2222 465 2294 Immortalitat
494 2224 613 2312 duplex
642 2223 843 2312 distinguitur
858 2225 984 2304 ,nlia'

83 2305 263 2394 absoluta,
287 2317 345 2380 alia
371 2315 525 2382 relativa.
544 2311 770 2378 Immortalitat
790 2312 958 2396 absoluta,

84 2412 163 2474 quae
178 2399 356 2470 intrinseca
371 2403 434 2468 dici
454 2419 581 2491 potest,
596 2402 748 2470 convenit
763 2400 828 2466 enti
843 2401 959 2468 viven-

85 2481 109 2545 Ιί
122 2490 240 2555 nullum
249 2488 374 2558 habenti
388 2492 419 2558 in
432 2513 465 2558 se
476 2511 506 2558 et
519 2514 559 2558 ex
574 2507 684 2557 natura
700 2489 958 2580 surprinuipium

85 2568 241 2644 interitus.
258 2577 483 2646 Immortalitas
504 2579 648 2647 relatiua
657 2627 668 2660 ,
690 2601 772 2668 quae
787 2581 879 2658 etium
893 2605 959 2646 ex-

85 2669 232 2735 trinseca
270 2669 330 2735 dici
363 2685 494 2758 potest,
532 2671 682 2735 convenit
724 2671 789 2734 enti
823 2671 957 2750 viventi,

85 2754 176 2907 quo-(li¹
188 2777 257 2909 lnon
274 2776 383 2848 potest
399 2759 439 2824 ab
456 2757 517 2824 alio
533 2777 604 2826 ente
619 2777 751 2824 externo
769 2757 889 2824 destrui
905 2760 957 2826 vel

86 2855 154 2905 nunt
178 2845 258 2912 iuri.

128 2926 198 3000 lv.
241 2934 304 2998 Soli
320 2931 392 3000 Deo
413 2935 584 3000 convenire
604 2933 870 2998 immortalitatem
888 2949 957 2997 turn

90 3013 260 3090 absolutam
274 3039 343 3092 turn
356 3022 538 3109 relativam,
558 3041 681 3094 certum
697 3040 755 3090 est.
772 3023 857 3086 Natu
875 3020 959 3084 solur
