2298 3418
338 51 424 101 ms
439 51 469 100 tt
491 53 654 102 »annm
677 53 753 104 ω.
773 51 804 102 ι.
959 53 1002 127 μ

118 120 331 196 madanodunr
345 124 478 190 erudelis
489 125 602 192 merito
618 124 731 190 dicitur
749 123 868 204 homo,
882 122 937 210 qui
950 118 1006 191 lr'o·

122 211 242 278 minem
258 211 402 290 occidus
427 214 515 278 cuius
538 211 642 278 anima
665 227 713 278 est
735 211 919 278 immortalis
936 235 946 290 ς
962 213 1006 285 ita

123 320 191 366 uon
207 301 272 378 sine
287 302 474 372 crudelitate
489 321 611 366 summa
624 302 760 390 perirent
779 319 829 368 tor
851 301 1006 387 animalia,

128 389 399 478 quorumanimae
414 387 605 456 immortales
618 407 732 456 essent.

190 475 403 566 Respondent
418 479 584 544 cartesiani
596 475 854 568 negando,bruta
866 476 1007 546 animan·

125 562 169 630 tis
185 568 327 657 cogitare
345 613 355 646 ,
382 587 437 634 aut
452 566 582 656 proprie
597 567 711 634 sentire
728 613 737 648 ,
760 587 815 634 aut
836 567 933 632 ullam
946 567 1009 635 illie

126 673 195 720 esse
211 659 345 722 animant
363 676 531 744 acorpore
548 655 749 740 distinctam,
766 655 935 742 multisque
950 677 1007 722 ra·

124 742 266 810 tionibus
282 743 418 830 probare
432 747 578 810 nituntur
594 768 605 822 ;
622 745 727 812 Deum
744 745 887 832 potuisse
901 741 1008 814 facere

124 849 248 918 corpus
265 831 351 898 bruti
367 878 378 912 ‚
401 831 492 920 quale
503 851 550 900 est
564 881 576 914 ,
590 837 634 899 ita
650 851 684 900 nt
699 835 764 900 sine
779 834 844 900 ulla
857 833 960 900 anima
972 851 1006 902 et

122 939 183 1074 per
193 923 298 986 solum
311 922 453 1010 corporis
466 921 715 990 mechanismum
738 944 870 1002 omues,
884 923 1006 1008 quasin

151 1011 227 1091 rutis
241 1011 406 1087 miramur,
417 1009 555 1077 actiones
569 1010 685 1078 obiret.
700 1011 839 1089 Totam,
856 1029 1007 1098 quantam

124 1115 288 1184 possunt,
301 1118 371 1166 suae
380 1098 553 1188 hypothesi
567 1099 824 1190 probabilitatem
838 1099 1007 1169 conciliant

124 1187 288 1254 cartesiani
302 1187 347 1252 his
356 1188 499 1277 alliisque
513 1187 663 1254 similibus
678 1188 1007 1278 exemplisetrationi·

125 1269 199 1349 bus.
212 1275 259 1360 Ea
271 1299 318 1362 est
333 1277 496 1345 hominum
513 1277 669 1344 industria
682 1327 690 1359 ,
705 1297 742 1342 ut
757 1276 913 1344 machinas
925 1277 1008 1344 bru-

41 1409 45 1416 ·
124 1363 165 1428 tis
180 1366 387 1431 animantibus
405 1363 468 1434 fere
481 1365 594 1434 similes
608 1367 726 1456 fingere
741 1372 914 1454 potuerint.
930 1367 1009 1434 Fet·

122 1467 178 1516 tut
189 1451 346 1523 Iohannes
363 1455 640 1545 Regiomontanus
654 1455 792 1542 aquilam
809 1455 942 1542 ligneam
963 1453 1008 1522 fe-
1100 1483 1104 1493 ,

123 1539 218 1620 cisse,
231 1566 311 1629 quae
320 1549 349 1608 in
358 1551 430 1610 aira
440 1565 504 1610 sese
518 1546 671 1635 recipiens
685 1544 866 1629 imperatori
881 1541 1010 1609 Noriru.

122 1625 255 1718 bergam
266 1633 410 1704 tendenti
424 1636 506 1698 riam
519 1632 762 1700 demonstravit:
776 1632 915 1698 muscam
926 1652 1009 1718 quo·
1081 1649 1082 1654 ’

124 1737 191 1801 que
204 1721 366 1788 volatilem
381 1722 506 1788 finxisse
529 1722 654 1788 dicitur.
671 1723 845 1788 Notissima
860 1737 931 1786 sunt
946 1743 1010 1786 om·

126 1805 220 1870 nibus
234 1853 244 1888 ,
269 1832 352 1900 quae
377 1827 543 1876 narrantur
576 1810 616 1878 de
639 1813 727 1878 lictili
750 1811 856 1898 capite
883 1807 1010 1894 Albelrti

126 1892 257 1985 Magni,
282 1897 374 1987 quod
398 1898 495 1965 rerba
515 1901 672 1986 quaedam
695 1899 866 1990 protulisse
880 1897 1007 1986 legitur.

123 1979 201 2052 Nec
215 1990 317 2054 minus
333 1988 494 2076 stupenda
506 2006 554 2054 est
566 2007 724 2077 structura
738 1987 859 2056 ferreae
872 2007 1008 2068 statuae,

124 2095 282 2165 quaeper
297 2075 576 2143 variosanfractus
593 2078 634 2144 ad
647 2099 750 2167 regem
769 2077 911 2166 perrexit
924 2121 934 2156 ,
946 2077 1010 2164 fle-

127 2165 245 2252 risque
260 2165 393 2256 genibus
406 2186 442 2234 et
457 2165 565 2232 libello
580 2167 718 2254 supplici
732 2165 862 2244 oblato,
881 2165 1010 2232 liberta·

125 2266 194 2316 tem
207 2255 332 2319 auctori
350 2257 548 2343 suotcaptiro
563 2254 743 2341 imploravit
760 2298 769 2332 ,
786 2271 817 2319 et
832 2253 942 2318 eadem
957 2254 1010 2324 via

125 2359 321 2412 reversaest.
333 2343 558 2432 Sedquidquid
574 2344 614 2408 sit
624 2344 662 2410 de
672 2343 729 2407 illis
742 2363 842 2430 pquae
854 2343 1011 2406 iactantur

127 2427 205 2494 attis
220 2433 420 2498 mechanicae
437 2433 592 2522 portentis
608 2479 618 2514 ‚
640 2431 813 2501 certissima
838 2448 884 2496 est
898 2451 929 2496 et
945 2428 1011 2498 fere

122 2515 320 2586 ¹incredibilis
334 2521 488 2586 artificum
504 2524 715 2610 quorumdam
734 2521 887 2600 industria
903 2567 914 2598 ‚
929 2543 1012 2610 quae

123 2623 218 2680 santa
234 2609 293 2676 fuir
304 2658 316 2690 ,
328 2629 363 2674 ut
378 2605 563 2676 dillicilioris
577 2613 756 2679 animalium
772 2631 879 2678 motus
895 2609 1012 2678 imitnti

119 2691 254 2778 ¹fuerint,
269 2700 442 2768 etinvariis
458 2698 609 2767 machinis
628 2703 851 2788 expresserint.
867 2699 969 2766 Porro
982 2693 1014 2765 si

121 2800 250 2852 rantum
268 2789 375 2876 potuit
391 2789 528 2854 humana
544 2787 734 2862 dexteritas,
755 2787 845 2876 pquid
864 2809 928 2852 non
950 2809 1013 2872 po·

122 2877 202 2952 teris
227 2877 345 2943 infinita
357 2876 428 2944 ·Dei
449 2876 593 2964 potentia
609 2920 620 2955 ,
637 2877 690 2940 cui
705 2897 791 2941 certe
806 2876 884 2942 nulli
900 2875 1013 2956 linires

120 2965 304 3054 ,praeteribi
317 2966 473 3060 possunt}
489 2962 595 3058 Igitur
609 2985 677 3050 non
687 2981 859 3070 repugnas,
872 2961 933 3042 soli
948 2982 1015 3028 rna,
1061 3018 1063 3022 .
