2326 3438
138 147 140 155 ·
231 123 297 193 85⁴
408 139 430 148 ··
474 119 821 178 susstuvm-smos.
1147 161 1148 170 ,

246 197 249 206 ’
274 191 342 262 ΙΠ.
388 191 419 258 st
444 195 594 260 terminus
619 195 732 280 aliquis
747 198 778 264 in
799 212 862 264 una
887 197 1078 290 syllogismis
1147 197 1148 264 ?

229 279 453 373 propositione
480 284 569 349 aliter
601 285 735 352 sumitur
761 305 870 378 quam
892 289 922 352 in
951 291 1069 372 altera,
1147 301 1148 368 ξ

228 372 435 462 syllogismus
459 391 574 458 peccat
595 373 627 437 in
648 371 762 440 forma.
787 375 964 441 Terminus,
982 380 1096 454 enim-¹

227 462 280 528 ille
299 459 426 527 duobus
439 461 640 546 aequivalet,
669 486 707 530 ac
721 465 861 552 proinde¹
871 481 945 530 sunt
960 485 1074 552 quat·

226 567 302 621 tuor
314 551 438 618 termini
452 549 588 635 (contra
603 551 794 640 regulam·
809 552 994 620 Istiusmodi
1007 577 1074 622 so·

225 640 349 730 phismt
364 638 423 705 dici
436 638 515 705 solet
521 637 675 719 fallacia
689 646 983 732 aequivocationis,
1002 666 1072 712 seu

225 728 435 820 homonymia·
462 729 589 816 nuque
606 723 724 794 abhoc
745 731 934 820 sophismate
956 732 1072 802 differt

225 818 338 898 aliud,
367 815 457 906 quod
477 838 517 883 ex
533 821 796 908 aequivocatione
810 821 971 910 phraseos
991 822 1071 887 oti·
1147 859 1148 898 t

225 925 290 976 tur.
317 907 428 986 Quum
454 908 536 973 enim
558 908 678 994 phrasis
704 905 851 998 ambigua
879 911 909 974 in
936 909 1068 987 duabus

225 994 494 1088 propositionibus
524 995 680 1062 diversam
706 997 821 1065 habeat
853 998 1067 1087 significatio-

223 1111 322 1168 nem,
353 1086 500 1152 oriuntur
513 1085 611 1165 hinc,
641 1103 677 1150 ut
693 1105 784 1154 antea
800 1133 811 1168 ‚
841 1087 949 1176 plures
963 1111 1066 1178 quarn

226 1196 290 1246 stes
307 1179 338 1242 in
352 1176 541 1265 syllogismo
558 1174 693 1242 termini.

269 1265 340 1336 IV.
385 1266 414 1328 si
438 1264 510 1352 quis
540 1263 570 1326 in
590 1263 887 1350 propositionibus,
917 1286 959 1332 ex
975 1266 1067 1354 >qui-f

223 1355 286 1422 bus
315 1368 439 1420 constat
463 1353 695 1443 syllogismus,
722 1377 833 1420 vocem
856 1354 990 1440 aliquam
1016 1353 1065 1420 ad

225 1445 368 1511 diversos
384 1445 533 1510 terminos
554 1438 668 1511 referat
685 1458 696 1522 ς’
726 1445 931 1534 syllogismus
946 1461 1065 1530 peccat

223 1535 258 1600 in
289 1533 400 1601 forma.
429 1532 555 1600 Etenim
583 1548 674 1618 patet
702 1532 735 1597 io
761 1534 821 1598 hoc
848 1555 924 1600 casu
952 1532 1064 1618 plures

223 1647 315 1704 esse,
344 1646 442 1710 quam
467 1642 531 1690 tres
556 1621 722 1688 torminosi
744 1622 784 1685 E.
812 1645 843 1712 g.
871 1622 896 1688 si
923 1621 1062 1707 quisita

223 1731 484 1804 argumentetur:
515 1713 709 1800 qyicumque
743 1708 843 1778 habet
872 1713 1063 1799 potentiam

223 1801 417 1879 scribendi,
446 1805 474 1866 is
486 1801 629 1866 scribere
637 1813 747 1886 potest
762 1822 778 1878 ;
802 1796 865 1865 sed
878 1798 966 1866 homo
981 1799 1062 1864 dum

223 1889 307 1980 legit
323 1934 333 1970 ,
352 1889 451 1956 habet
461 1903 659 1978 potestatem
672 1887 839 1956 scribendi
851 1910 867 1965 ;
887 1909 963 1978 ergo
977 1892 1063 1953 scri·

225 1981 302 2046 bere
312 1993 423 2069 potest
438 1976 546 2054 inmo,
562 1969 641 2042 dum
657 1973 738 2064 legit
746 1999 762 2054 ,⁰
779 1977 983 2068 syllogismus
998 1975 1062 2042 ha-

224 2066 282 2134 bnt
307 2071 449 2157 quinquo
472 2066 620 2134 terminos
642 2111 654 2143 ,
682 2083 706 2128 1.
738 2064 852 2134 habere
884 2065 1062 2155 potentiam

222 2157 409 2236 scribendi,
437 2175 478 2221 ιι.
506 2175 600 2242 posse
615 2152 774 2232 scribere,
806 2174 862 2220 111.
886 2154 991 2221 'homo
1003 2153 1062 2242 qui

224 2246 320 2337 legit,¹
330 2267 381 2313 tv.
396 2246 494 2312 homo
508 2243 688 2328 simpliciter
700 2243 931 2323 consideratus,
947 2267 984 2310 v.
998 2241 1061 2308 ha-

224 2335 300 2404 bere
336 2337 511 2426 potentiam
543 2329 703 2398 scribendi
737 2348 768 2398 et
797 2333 922 2422 legendi
953 2333 1061 2401 simul.

224 2426 386 2504 Quoniam
426 2445 502 2488 veto
540 2421 572 2485 in
599 2420 662 2484 hoc
697 2441 773 2484 casu
807 2423 1058 2512 coniunguntur,

221 2537 307 2602 quae
328 2526 416 2580 stant
429 2509 668 2598 disiungenda,
697 2528 814 2598 nempe
838 2527 927 2578 actus
946 2514 1061 2606 legen·

225 2605 259 2670 di
293 2621 325 2670 es
355 2598 511 2666 scribendi
541 2598 661 2676 simul,
689 2596 763 2662 ideo
793 2598 965 2666 istiusmodi
1000 2624 1060 2668 so·

225 2692 385 2780 phismasa:
406 2688 559 2794 appollini
585 2687 686 2753 soient
704 2683 876 2766 fallaciae
894 2683 1060 2793 ¹'composi-

184 2821 185 2826 κ
224 2785 348 2858 sionim
367 2797 468 2866 etqui
483 2781 518 2842 sis
533 2791 667 2840 utuntur
681 2778 890 2864 argumentati
904 2779 1060 2850 dicuntur
1147 2855 1148 2864 χ

227 2891 368 2947 niensis
391 2866 496 2936 diviso
523 2863 574 2934 ad
598 2867 817 2957 compositum.
