2326 3438
239 190 327 238 rins
350 192 400 238 rr.
425 188 592 238 tuotone.
617 191 693 239 err:
718 189 745 238 t.
859 177 924 258 ηε)

65 261 187 328 omnis
203 263 330 348 partitio
350 262 489 348 neglecta
505 259 624 328 fuisset.
658 259 696 326 In
712 258 866 345 exemplo
882 261 923 326 de

68 372 189 429 sono,
204 350 293 439 quod
308 351 482 416 examinate
494 349 738 428 inchoavimus,
754 350 925 435 quaestio-

70 461 157 504 nem
171 441 202 503 in
218 457 280 506 tres
294 455 396 525 partes
408 439 612 515 resolvimust
633 453 680 502 ta
699 484 710 514 ,
734 438 831 524 equid
844 457 926 500 con·

72 528 193 613 tingit¹
218 549 420 615 campanae,
463 545 495 592 et
535 527 612 611 quid
656 527 733 592 haec
771 526 925 611 praestetl

80 631 185 693 rue,
212 616 286 702 ectri
312 614 481 680 tribuenda
506 617 548 680 sit
569 615 818 704 communicatio
843 614 927 680 inter

75 724 272 791 campanam
281 721 445 779 etaurem,
455 723 486 770 et
497 703 683 789 quomodo?
703 723 751 767 ttt
762 717 813 781 .⁸,
830 702 927 791 equid

77 790 119 855 isa
148 794 217 878 ipsa
239 815 317 859 aure
346 791 532 880 contingat?

153 881 282 970 Regula
296 901 351 945 tv.
362 879 465 946 Ideor
477 879 603 947 mediae
616 876 826 968 quaerendae
839 893 927 957 sont,

79 969 207 1057 qttihtts
232 967 421 1056 peculiares
448 971 652 1057 quaestiones
676 965 761 1032 solvi
789 974 927 1052 possint,

80 1072 125 1121 ut
155 1055 305 1146 singulae
331 1058 382 1126 ad
402 1057 656 1124 determinatam
673 1057 928 1145 propositionem

83 1141 307 1211 reducantur.

158 1229 197 1296 ln
222 1233 306 1298 hunc
329 1233 420 1300 finem
435 1231 597 1299 debemus
621 1231 654 1296 in
679 1230 861 1296 memoriam
883 1249 930 1296 re·

82 1340 233 1399 vocate,
258 1343 343 1411 quac
371 1323 497 1388 aliunde
526 1319 568 1386 de
598 1338 809 1408 argumento,
838 1319 929 1404 quod

86 1425 266 1488 tractatur,
291 1428 370 1476 nota
394 1428 492 1486 sonte
512 1431 563 1476 ·ne
579 1410 707 1497 quidem
728 1408 763 1472 iis
781 1425 930 1494 praeter·

56 1575 59 1584 ι
86 1499 188 1578 missis
209 1541 219 1574 ,
244 1519 326 1585 quae
346 1497 388 1564 ad
419 1500 480 1564 ltoc
508 1499 689 1562 relationem
711 1518 806 1581 quam
833 1494 927 1560 mini-

87 1607 173 1650 mam
188 1585 304 1652 habent
322 1631 331 1664 ,
357 1605 393 1652 ut
408 1608 447 1654 ex
466 1586 501 1649 iis
516 1602 696 1650 mutuemur
713 1582 821 1661 ideas,
849 1605 931 1668 quae

85 1674 121 1738 in
142 1677 297 1760 praesenti
320 1676 561 1763 investigatione
584 1695 642 1738 usu
660 1669 767 1738 venite
784 1687 929 1760 possunt.

87 1759 145 1828 Ita
165 1764 196 1826 iu
219 1765 372 1852 exemplo
397 1763 625 1848 praecedenti,
653 1761 789 1848 primum
813 1758 933 1826 exami-

90 1871 205 1916 namus
222 1895 232 1930 ‚
260 1873 342 1940 quae
357 1851 396 1918 ad
413 1872 597 1936 campanam
611 1848 797 1936 pertinent,
821 1867 851 1914 ct
867 1847 932 1914 de-

90 1941 252 2027 tegimus,
280 1961 422 2027 corpora
448 1940 603 2017 classica,
634 1957 667 2004 et
695 1937 824 2026 quidem
850 1937 931 2016 sola,
993 2019 995 2026 Ι

91 2048 208 2092 sonum
228 2030 398 2105 emittere,
427 2028 470 2091 ita
491 2047 526 2094 ut
542 2048 663 2114 semper
683 2027 874 2093 necessarius
894 2027 933 2092 tit

93 2118 251 2182 tremulus
281 2118 420 2204 partium
445 2134 562 2179 motus.

163 2202 201 2268 In
222 2204 412 2270 discussione
436 2225 540 2270 autem
562 2199 718 2268 secundae
735 2200 931 2288 quaestionis

94 2291 138 2358 dc
171 2293 456 2358 communicatione
482 2293 567 2357 inter
596 2309 781 2374 campanam
815 2307 846 2354 et
875 2309 933 2352 au·

95 2401 164 2446 rem
181 2387 195 2459 ,'
221 2379 458 2446 obseruandum
477 2397 525 2445 est
544 2423 554 2456 ,
582 2399 621 2442 an
640 2378 702 2442 hoc
722 2377 851 2465 ipsum,
883 2375 935 2440 cui

95 2469 368 2548 communicatio,
397 2490 491 2556 quarn
529 2468 734 2553 quaerimus,
764 2462 934 2530 tribuenda

97 2572 170 2634 est,
198 2556 255 2622 sub
276 2577 387 2624 sensus
409 2557 522 2622 cadere
545 2556 645 2642 possit
672 2575 781 2620 necne.
812 2553 842 2617 Si
870 2573 934 2616 non

98 2645 184 2708 cadit
210 2645 269 2710 snb
293 2666 425 2723 sensus,
453 2643 580 2710 anobis
604 2643 706 2731 detegi
727 2663 794 2706 non
837 2657 933 2721 otest,

99 2748 134 2798 et
147 2733 339 2817 quaestionis
356 2732 473 2798 solutio
490 2731 602 2798 frustra
617 2749 771 2797 tentatur.
800 2665 934 2796 limmi-
967 2735 971 2744 ’

100 2822 238 2886 nandum
264 2821 384 2910 igitur,
412 2821 576 2909 quomodo
607 2820 667 2884 sub
694 2839 814 2886 sensus.
830 2820 936 2886 cadat.

99 2909 179 2975 Satis
202 2929 351 2993 constat,
380 2931 567 3000 campanam
581 2907 658 2972 nihil
680 2905 823 2974 sensibile
845 2908 937 2974 emit·
