2246 3412
142 142 210 210 230
373 136 611 192 -ttttartrvna
645 140 786 196 enatos:
827 147 830 155 ⁴

139 211 232 290 den,
247 231 284 276 tn
294 207 429 295 proinde
441 211 594 276 alterutra
610 231 706 276 causa
728 206 811 276 foret
827 205 951 272 inutilis
968 231 981 285 ;
1004 229 1065 274 er·

139 320 183 388 go
197 300 284 365 nulla
298 315 344 362 est
356 298 487 363 solutio.
515 297 619 386 Resp.
645 298 718 363 dist.
745 315 810 362 ant.
837 297 930 360 actio
948 297 1020 362 Dei
1035 313 1067 362 et

138 405 305 452 creaturae
317 403 402 454 esset
417 386 530 452 eadem
542 389 751 454 terminativr
768 404 914 470 sumpta,
928 385 977 449 C.
996 404 1062 464 ant,

138 469 321 542 initialiter
337 493 483 561 sumpta,
500 476 545 540 Ν.
569 493 635 540 ant.
650 492 683 542 et
697 495 790 540 cons.
806 475 912 536 Actio
928 474 1062 538 cuiusli-

139 559 194 628 bet
211 564 331 652 ageutis
349 566 485 649 spectari
500 573 604 649 po'test
619 563 671 627 vel
686 565 810 633 ratione
829 561 1015 650 principii,
1028 578 1057 627 et

141 650 358 717 dicituractio
373 650 694 738 initialitersumpta‚
715 651 765 716 vel
777 649 918 716 ratione
932 649 1056 716 termini

137 757 195 806 teu
209 737 352 816 effectus,
363 755 394 804 et
405 737 522 806 dieitur
537 740 617 804 actio
629 739 996 826 terminativesutnpra.
1008 739 1053 804 Re

137 824 268 914 quidem
285 847 358 894 tera
378 827 465 891 actio
488 828 551 892 Dei
572 827 789 896 concurrentis
815 841 851 891 et
877 847 1054 894 creaturae

136 915 257 1000 agentis
272 930 321 980 est
339 913 453 982 eadent
470 915 555 980 actio
571 915 769 986 terminative
788 932 950 1002 sumpta,
976 920 1048 1004 qnia
1112 939 1113 954 ¹

138 1020 187 1068 cst
204 1022 285 1066 unus
310 1019 341 1068 et
358 1002 442 1068 idem
457 1004 607 1070 terminus
615 1025 627 1083 ,⁴
643 1025 696 1068 seu
709 1001 843 1070 ,effectus
858 1005 1043 1090 productus
1112 973 1113 1046 d

137 1105 208 1154 tum
226 1113 283 1178 per
299 1111 427 1154 causam
443 1093 575 1178 primam
591 1109 623 1158 et
639 1092 871 1170 universalem,
890 1107 966 1157 tum
994 1095 1049 1182 pe't

140 1199 267 1246 causam
281 1179 452 1244 secundam
466 1196 497 1245 et
515 1180 746 1266 particularem.
776 1179 907 1254 Atnott
933 1201 983 1248 est
997 1204 1049 1246 ea·

140 1264 215 1334 dem
230 1267 313 1330 'actio
331 1266 391 1332 Dei
409 1285 441 1336 et
454 1288 617 1336 creaturae
632 1267 789 1333 initialiter
804 1285 961 1354 sumpta,
978 1269 1049 1356 quic
1112 1319 1113 1330 t

142 1370 217 1420 tunt
233 1354 445 1436 duae'cansae
460 1375 589 1444 agentes
605 1376 637 1424 et
652 1355 869 1442 producentes
900 1357 1052 1422 eumdem

142 1439 312 1519 effectum3
330 1443 477 1508 voluntas
495 1445 612 1510 scilicet
627 1445 732 1510 diviua
747 1461 777 1508 et
792 1455 920 1511 creata.
938 1446 1053 1533 Neque

140 1529 261 1596 inutilis
277 1548 321 1600 ert
335 1551 429 1596 causa
441 1533 602 1598 alterutra.
618 1533 697 1597 Nou
711 1530 838 1617 quidem
856 1535 950 1598 actio
964 1557 1043 1600 crea·

140 1633 254 1698 turae,
266 1622 340 1704 quja
353 1621 418 1684 tine
430 1620 482 1684 itta
495 1621 584 1686 Deus
596 1621 663 1705 ipse
675 1620 823 1686 effectum
838 1641 907 1684 non
928 1623 1042 1709 produ·

141 1725 246 1782 cerem
267 1727 371 1794 neque
387 1709 480 1774 etiam
503 1711 585 1772 actio
602 1709 682 1788 Dei,
698 1709 773 1796 quia
795 1708 861 1774 siue
886 1707 968 1776 Deo
992 1733 1046 1774 cn-

141 1809 297 1880 ¹operante
313 1811 345 1860 et
361 1796 557 1880 producente
568 1796 716 1886 effectum
726 1815 873 1864 creatura
886 1818 958 1862 non
972 1819 1045 1889 pnt-

144 1899 192 1948 tet
208 1882 403 1972 producere.

402 2029 690 2152 auutcvnvs'
722 2059 789 2128 111.

145 2219 149 2229 ⁵
207 2231 266 2303 De
288 2231 365 2302 Deo
391 2256 502 2322 rerunt
527 2238 663 2304 omnium
686 2249 719 2303 et
742 2249 983 2308 creaturarum

469 2327 703 2416 gubernatore.
737 2390 741 2396 .

144 2451 273 2574 Deus
299 2518 347 2564 res
374 2519 483 2568 ornnes
500 2501 676 2592 gubernare
694 2500 759 2568 tite
776 2499 869 2568 rebus
894 2501 1039 2570 omnibut
1110 2499 1111 2583 i

142 2583 315 2672 providere
331 2587 468 2668 dicitur,
487 2607 645 2678 quatenns
667 2612 719 2656 eas
738 2596 928 2670 conservat,
950 2609 1041 2681 atque

142 2669 186 2734 ad
195 2673 376 2738 earumdem
390 2678 533 2743 actiones
545 2681 706 2744 concurrit
718 2701 913 2767 ,omnesque
922 2679 964 2744 ad
975 2701 1042 2746 suot

121 2795 122 2798 =
144 2757 222 2859 fines
234 2757 352 2846 dirigit.
366 2759 467 2849 Igitur
482 2767 686 2851 providentia
701 2765 806 2832 divina
819 2786 866 2833 est
881 2765 1040 2834 decretum

142 2839 206 2907 Det
219 2845 258 2912 de
271 2853 513 2918 conservatione
529 2875 633 2920 rerum
652 2855 792 2920 omnium
804 2902 814 2932 ,
828 2856 867 2921 de
881 2876 1036 2925 concursu

138 2925 181 2988 ad
217 2932 398 3001 earumdem
434 2940 594 3026 actiones,
623 2959 656 3011 et
686 2942 828 3012 omnium
863 2943 1035 3014 directione

136 3010 375 3090 adanorfiner.
