2258 3428
233 177 316 222 rans
342 173 368 220 ι.
397 177 551 225 roardus.
580 179 656 228 oar.
680 177 739 228 ιιι.
828 183 888 248 ιις

53 271 117 316 nes
141 246 277 324 habent,
302 268 423 334 easque
445 249 617 315 lectissimis
645 265 677 316 et
698 249 905 318 accuratissi-

57 341 123 405 mis
140 334 277 402 rocibus
302 338 481 422 exprimere
511 339 642 404 solent.-

135 426 188 492 Ab
210 427 285 514 ipso
309 425 493 510 praesertim
510 427 685 492 studiorum
700 427 837 494 exordio
851 449 911 492 vn-

70 535 243 581 aesomnes
261 513 461 598 pedetentim
481 515 707 582 examinandae
725 536 826 594 sunt,
854 517 911 582 iis-

67 627 126 690 qne
157 603 291 692 singulis
332 603 508 692 alligandae
538 606 712 684 notiones,
752 625 911 692 quantum

61 694 127 759 fieti
151 709 267 782 potest
291 737 302 771 ,
336 691 513 758 distinctae.
544 693 635 758 Nihil
659 695 812 761 audacter
829 715 910 782 pto-

57 781 282 848 nuutiandum
311 797 359 845 est
387 780 471 847 circa
501 803 547 848 res
577 782 782 870 incognitas,
808 804 907 848 novas

60 891 95 938 et
138 869 286 934 nondum
314 888 462 936 accurate
490 869 717 936 consideratas.
753 867 791 934 ln
826 893 911 960 qua-

57 960 145 1026 libet
172 959 303 1024 materia
324 956 473 1046 distingui
501 955 619 1026 debent
650 981 712 1037 ta,
741 979 821 1046 quae
845 959 911 1024 dis·

57 1051 171 1114 tincte
198 1046 389 1134 percipimus
412 1047 533 1124 abiis,
565 1069 646 1136 quae
672 1045 807 1112 confuse
832 1064 908 1113 tata-
940 1065 943 1075 ·

58 1154 139 1202 tum
154 1153 187 1202 et
217 1135 353 1201 obscure
380 1136 601 1226 cognovimus.
628 1136 677 1204 De
694 1135 742 1200 his
760 1136 838 1201 alios
855 1139 909 1201 in-

60 1245 232 1314 terrogare
259 1241 291 1291 et
324 1225 420 1290 dubia
445 1242 554 1290 nostra
585 1245 767 1314 proponere
804 1245 909 1312 opor·

60 1331 127 1381 ret.
146 1317 176 1380 si
192 1332 302 1380 autem
325 1312 461 1381 usitatae
488 1335 583 1380 voces
606 1313 770 1380 obscuram
786 1331 841 1380 aur
855 1335 911 1380 va·

62 1427 141 1494 gam
167 1402 309 1469 habeant
335 1402 618 1490 significationem,
644 1425 695 1468 eas
723 1403 764 1468 ad
792 1421 912 1470 certam

65 1512 99 1560 et
127 1493 247 1558 claram
273 1490 536 1579 significationem
559 1492 667 1556 reduci
694 1511 825 1556 necesse
852 1511 912 1560 est.

67 1581 175 1658 Quod
198 1579 292 1646 facile
309 1581 371 1660 fit,
395 1579 473 1645 dum
495 1578 825 1654 notioneadistineras
852 1579 916 1643 ha·

68 1665 185 1734 bemus
208 1715 220 1746 ‚
244 1687 275 1734 et
309 1669 454 1732 novimus
486 1668 672 1744 vocabula,
698 1666 815 1756 quibus
842 1667 913 1732 sin-

77 1756 174 1842 gulae
189 1756 354 1821 notionum
371 1754 467 1823 notae
487 1755 570 1822 clare
587 1755 812 1844 exprimuntur
830 1777 839 1834 3
858 1755 914 1822 has

81 1845 161 1908 enlm
182 1860 265 1910 notas
292 1849 383 1910 alteri
405 1891 415 1924 ,
440 1845 493 1933 qui
526 1837 687 1910 vocabula
709 1844 804 1912 etlam
829 1845 915 1913 clare

75 1934 188 2013 notit,
213 1935 457 2013 enumerando,
490 1931 574 1999 ideas
600 1952 720 1998 nostras
742 1955 815 2000 eum
843 1935 915 2022 ipso

72 2025 365 2090 communicamus.
393 2024 437 2086 At
454 2022 628 2103 notiones,
650 2023 681 2086 in
704 2021 822 2112 quibus
839 2023 914 2088 nihil

70 2113 294 2202 distinguimus
320 2160 331 2189 ,
361 2133 440 2199 quas
467 2114 601 2201 proinde
632 2110 724 2174 nullis
753 2109 917 2175 vocabulis

98 2223 244 2267 ossumus
264 2201 428 2289 explicate
443 2247 453 2280 ,
468 2201 557 2266 alteri
576 2197 810 2264 manifestamus
829 2196 917 2275 ,ad-'

69 2222 176 2376 listro
197 2293 232 2355 in
258 2289 411 2356 auxilium
439 2289 569 2356 obiecto
595 2287 733 2376 aliquo,
753 2285 843 2375 quod
874 2287 918 2351 ll-

71 2379 137 2444 lam
159 2381 329 2446 notionem
352 2381 490 2444 excitare
516 2377 648 2464 possit,
670 2394 704 2440 ut
720 2373 745 2439 si
760 2373 920 2456 dicamus,

75 2470 218 2535 colorem
243 2469 429 2534 caeruleum
457 2487 529 2534 eum
560 2487 656 2546 esse,
686 2466 739 2554 qui
767 2465 799 2529 in
826 2463 920 2530 coelo

82 2577 194 2621 sereno
220 2574 368 2646 apparet.

130 2642 193 2709 Ill.
237 2647 403 2725 Quoniam
435 2643 593 2711 ateneris
626 2639 804 2730 unguiculis
836 2640 922 2710 ideas

75 2753 155 2798 cum
183 2737 314 2800 vocibus
347 2735 495 2822 colligare
522 2733 710 2810 didicimus,
742 2731 786 2795 lta
813 2753 922 2798 neces·-

78 2823 167 2888 saria
182 2827 312 2891 videtur
327 2826 406 2889 inter
422 2823 567 2888 notiones
584 2839 614 2885 et
629 2839 725 2884 voces
737 2820 822 2908 ipsas
840 2841 924 2883 cott-

79 2913 235 2995 iunctio,
258 2933 295 2978 ut
310 2935 411 3002 quum
436 2911 526 3002 apud
548 2929 626 3061 nup1
630 2906 718 2974 taciti
732 2908 925 2995 cogitamus,

643 3016 660 3060 2
