2298 3418
271 178 357 227 ruas
382 177 411 225 r.
432 177 592 227 ‘aarum
616 175 692 225 nar.
720 177 765 224 11.
874 173 942 244 ‘²5

107 245 233 316 debent
248 251 318 314 'cum
339 249 371 312 iis
381 295 394 328 ,
425 269 506 335 quae
526 247 568 314 de
589 247 721 314 essentia
743 245 941 313 demonstra·

75 388 83 401 ,
109 338 213 400 vimus
242 336 273 399 in
304 336 408 425 logica
432 353 499 402 art.
523 355 555 402 2.
584 337 628 404 de
647 333 820 403 materiali
844 333 945 402 &eea

111 445 187 490 rum
212 419 415 512 differentia·
454 481 458 490 .
942 469 946 478 ·

154 512 205 579 V.
251 511 350 602 Quod
358 515 502 591 existit,
520 510 571 577 td
585 526 635 578 ert
647 510 816 602 possibile.
846 511 944 576 Prima

70 627 74 631 ·
112 600 228 687 cipium
248 601 329 666 illud
353 599 614 666 scholasticorum
639 601 739 667 verbis
767 599 946 668 concambia

111 709 204 754 must
232 691 275 754 ab
300 711 371 755 esse
392 689 443 756 ad
461 711 556 778 poste
580 687 671 756 ualet
701 693 946 780 corasequentt'u,¹

109 797 167 842 seu
204 778 293 865 quod
325 779 455 867 perinde
492 795 566 846 est:
597 780 640 844 ab
675 781 855 846 existentia
896 773 949 843 ad

102 865 365 954 possibilitatem
397 864 487 932 valet
516 870 756 956 consequentia.
792 867 852 940 Sed
880 887 946 931 uon

1 1043 2 1051 ἵ
108 975 202 1021 versa
218 956 310 1033 vice,
341 980 363 1020 a
379 975 475 1042 porse
489 953 540 1020 ad
551 977 620 1020 etse
640 953 729 1020 ualet
745 975 943 1043 consequen-r

110 1047 176 1108 tia.
206 1039 258 1108 lta
273 1040 385 1110 artifex
410 1043 514 1110 auimo
534 1043 675 1132 concipit
693 1043 797 1108 ideam
822 1039 945 1107 machi·

112 1151 200 1209 nae,
229 1147 262 1196 et
275 1130 355 1198 clare
368 1154 441 1218 pers
468 1133 522 1198 icit
536 1172 548 1209 ‚
574 1131 747 1197 machinam
760 1131 945 1220 possibilem

113 1239 185 1287 esse
200 1242 210 1295 t
239 1241 295 1284 nec
309 1238 413 1286 tamen
427 1156 498 1290 ileo
515 1220 660 1286 machina
672 1219 849 1286 istiusmodi
863 1221 944 1286 exist

112 1306 163 1372 tit.
198 1307 305 1387 Quare
338 1327 461 1396 patet,
499 1307 738 1399 possibilitatem
773 1331 839 1375 non
876 1329 944 1376 esse

111 1397 265 1464 rationem
297 1397 503 1464 sufficientem
532 1400 739 1476 existentiae,
766 1419 805 1463 ac
832 1400 946 1486 proin-

112 1483 154 1550 tie
175 1507 215 1552 ex
237 1507 302 1565 eo,
332 1487 422 1574 quoti
443 1485 562 1571 aliquid
588 1486 739 1576 possibile
754 1487 793 1550 sit
817 1507 834 1550 a
854 1488 945 1572 prioa

111 1573 166 1652 ri,
194 1592 388 1650 nontamen
412 1575 624 1664 intelligitur,
651 1595 708 1638 cur
733 1573 858 1640 existat.
937 1623 942 1636 .

157 1661 225 1733 VI.
274 1661 471 1730 Euristentia
500 1663 620 1730 definiri
646 1678 773 1750 potest:
803 1659 947 1750 compleo

109 1767 254 1818 mentum
278 1750 524 1843 possibilitatis.
552 1753 677 1817 Dicitur
708 1751 800 1818 etiam
824 1765 948 1816 actua*

113 1836 220 1920 litas,
250 1859 281 1906 et
297 1859 352 1906 eus
368 1889 379 1918 ,
409 1842 499 1928 quod
512 1840 619 1907 existit
635 1873 647 1920 1,
670 1862 731 1908 ens
746 1837 879 1906 actuale
895 1839 948 1906 rel

112 1927 208 1992 eriam
227 1951 284 1994 ens
298 1945 389 1995 atta.
417 1926 518 2008 Quod
539 1951 616 1996 tero
635 1925 841 1997 sufficientem
860 1928 948 1995 exis-

111 2017 233 2084 tentiae
265 2037 341 2084 suae
379 2018 533 2086 rationem
568 2019 600 2082 in
635 2019 702 2084 aliis
731 2019 856 2084 entibus
886 2015 949 2082 hau

110 2101 191 2172 bere
219 2122 351 2193 potest,
379 2129 435 2172 ens
459 2104 643 2194 potentiale
665 2128 719 2172 seu
745 2129 800 2172 ent
827 2109 860 2171 itt
883 2125 949 2192 pe*

111 2199 219 2262 tentia
232 2195 439 2282 appellamus.
468 2193 520 2260 Ita
536 2195 631 2260 arbor
646 2194 677 2259 in
691 2194 808 2260 semiue
823 2193 949 2259 delites·

112 2301 225 2362 cens,
264 2301 420 2370 quatenus
453 2306 509 2370 per
548 2283 631 2349 entia
672 2283 731 2348 alia
769 2281 948 2360 existentia,

19 2436 24 2441 ,
100 2391 229 2457 nempe
258 2372 360 2436 solum
386 2368 509 2452 fertile3
537 2373 700 2458 pluviam,
732 2391 862 2448 rorem,
892 2391 975 2456 ca,-v

14 2473 20 2480 ’
113 2455 214 2525 iorem
236 2461 308 2524 solii
333 2461 373 2527 ad
395 2465 500 2524 actum
528 2460 636 2526 reduci
659 2459 795 2547 potest,
823 2473 952 2524 esttens

105 2547 306 2636 potentiale.
337 2549 379 2613 Sit
401 2571 456 2614 ena
484 2549 655 2636 potentiale
684 2548 837 2614 rationem
865 2544 952 2610 ruffi·

114 2635 250 2703 cientem
273 2637 459 2704 existentiae
481 2659 554 2704 suae
575 2637 671 2704 habet
693 2638 724 2702 in
749 2636 874 2704 entibus
894 2659 953 2701 ac-

113 2723 280 2804 tualibus,
312 2726 425 2790 dicitur
457 2749 512 2792 ens
548 2731 581 2791 in
605 2728 757 2815 petentia
788 2729 952 2813 proxima.

115 2811 145 2876 Si
172 2835 280 2880 autern
301 2814 385 2880 entia
411 2815 464 2878 illa
486 2815 632 2880 nondum·
652 2816 788 2881 existunt
813 2836 868 2880 seu
890 2832 955 2876 non

117 2921 191 2968 sunt
204 2903 337 2968 actualia
349 2947 360 2987 ‚
373 2901 516 2968 dicitur.
527 2927 595 2970 ens
610 2906 957 2990 inpotentioremotat
