2300 3506
337 343 371 374 .'
414 323 569 374 θ’ᾹΡῩΤ
607 323 639 368 le
677 337 683 350 '
926 324 949 396 ⁹

103 392 229 468 palatio
241 393 337 472 ‚¹sibi
360 397 509 468 vendicat
537 391 698 460 sublimior
713 388 868 471 seientia,
892 413 948 464 sae·

115 507 169 550 cra
189 483 306 550 scilicet
323 483 495 572 theologia.
515 481 658 546 Tandem
672 503 769 568 quum
785 483 875 568 plura
890 483 950 554 sint

110 575 177 638 enti
200 574 285 638 ouini
304 618 313 650 ‚
333 595 386 638 seu
407 570 572 658 spiritibus
598 589 629 636 et
656 569 845 657 corporibus
861 592 952 636 corn·

112 663 237 739 munia,
255 685 338 748 pars
362 661 425 726 illa
443 661 691 748 philosophiae,
717 681 803 750 quae
818 660 859 726 de
873 674 947 732 etate

109 755 144 822 in
162 772 284 838 gessere
307 766 338 814 et
366 750 582 816 communibus
606 752 726 813 entium
750 748 947 832 affectioni·

106 840 170 906 hus
187 853 329 914 tractat,
339 837 454 904 dicitur
469 833 651 926 Ontologia.
661 835 709 902 Ex
727 836 858 904 hisvero
873 857 950 906 ontr-

110 927 206 992 nibus
228 927 369 1010 parribus
388 927 616 1014 Metaphysica
629 927 829 1011 componitur
842 971 852 1007 ,
867 947 951 1014 quas

110 1017 250 1103 proinde
280 1017 338 1078 dici
365 1031 476 1099 potest
504 1019 584 1080 entis
604 1019 766 1104 ingessere
787 1031 819 1082 et
846 1021 952 1104 spiri.-

110 1120 203 1172 turtm
226 1122 377 1168 sesenna.

171 1192 342 1258 Continuo
365 1186 429 1258 fere
446 1189 634 1278 experientia
656 1190 827 1270 novimus,
843 1191 964 1282 gemi-'

111 1301 189 1345 uam
219 1278 329 1344 esseio
352 1281 453 1346 anima
470 1279 671 1358 facultatem,
700 1283 829 1346 alteram
851 1303 952 1370 quarit-

112 1371 362 1454 cognosss'tioam
377 1369 537 1454 appeliant
554 1371 707 1448 ,alteram
722 1374 949 1458 appetitivam.

111 1456 187 1521 Nec
205 1457 305 1522 minus
321 1475 433 1546 patet,
449 1476 615 1545 utramque
635 1457 818 1523 facultatem
843 1459 873 1524 in
889 1481 949 1524 suo

106 1546 264 1614 exercitio
287 1543 434 1612 aberrare
461 1569 580 1635 posse:
602 1568 737 1634 nempe,
758 1549 953 1635 cognosciti-

114 1654 184 1703 uam
213 1656 230 1698 a
258 1656 368 1715 vero,
396 1651 428 1700 et
453 1636 662 1722 appetitivam
679 1657 696 1698 a
713 1634 824 1711 bono;
848 1637 890 1702 ita
917 1651 953 1700 ut

112 1719 166 1786 illa
193 1745 331 1790 errorem
361 1726 432 1788 loco
459 1725 599 1790 veritatis
624 1723 857 1812 amplectatur,
872 1722 952 1788 haee

114 1808 235 1872 malum
262 1812 334 1874 loco
363 1811 438 1876 boni
470 1813 576 1900 eligat.

183 1892 274 1960 Pars
287 1898 502 1989 philosophiae
517 1918 630 1989 ,.quae
635 1897 842 1979 facultatem
866 1919 944 1989 ceg-

114 1987 305 2066 nutritivam
329 1992 364 2054 in
389 1989 608 2076 cognoscenda
638 1993 801 2068 ueritate,
828 2013 869 2056 ac
894 1991 949 2054 ui-

111 2071 217 2140 sanda
240 2097 348 2143 errore
373 2077 513 2164 dirigit,
538 2075 656 2140 dicitur
678 2074 814 2165 Logica.
837 2079 950 2145 Altera

101 2179 192 2248 pars
203 2161 426 2252 philosophiae
442 2212 454 2244 ,
470 2185 554 2254 quae
570 2187 661 2256 usum
678 2163 867 2244 facultatis
881 2189 949 2254 ap-

101 2254 270 2336 positivae
291 2255 324 2316 in
349 2247 497 2340 eligendo
512 2256 589 2316 bono
607 2268 663 2330 ,rt
686 2251 851 2339 fugiendo
874 2276 948 2319 ma·

108 2333 144 2400 lo
154 2343 380 2426 praescrihit,
408 2342 588 2406 nominatur
609 2339 814 2426 philosophia
830 2339 950 2408 Mota·

104 2422 152 2490 lis
167 2471 178 2504 ,
196 2427 246 2491 vel
261 2425 396 2505 Ethica‚
413 2448 510 2516 atque
524 2429 617 2494 etiam
626 2425 831 2515 philosophia
841 2453 948 2518 prac-

106 2517 190 2580 tica.
208 2515 322 2580 Altera
344 2517 481 2604 denique
505 2538 586 2602 pars,
629 2515 825 2604 hilosopbiae
840 2564 851 2596 ‚
864 2541 947 2606 quae

107 2601 196 2666 circa
209 2625 349 2692 corpora
364 2623 548 2693 occupatur
566 2651 576 2683 ,
592 2540 735 2694 sshysisa
758 2605 874 2672 dicitur
892 2651 901 2685 ‚
917 2601 954 2682 et',

90 2708 159 2758 ,est
176 2733 186 2768 ,
209 2697 347 2759 scientia
361 2715 469 2760 eorum
483 2741 493 2772 ,
507 2715 591 2782 qssae
610 2697 643 2758 in
658 2697 845 2782 corporibus
858 2713 948 2779 sunt,

100 2791 174 2856 ,am
200 2800 282 2864 quae
295 2801 358 2868 per
373 2805 508 2868 corpora
524 2803 594 2847 este
605 2800 754 2869 possunt.

126 2869 131 2878 '
175 2865 340 2942 Dividitur
356 2869 493 2960 Physica
520 2872 549 2933 in
563 2869 753 2958 generalem
775 2885 807 2936 et
826 2879 957 2962 parti·¹

98 2950 269 3040 cuiatem„
284 2955 345 3020 llla
369 2957 409 3026 de
422 2959 618 3046 generalibus
642 2971 812 3044 'corporum
841 2959 945 3038 allec*-

100 3043 249 3146 tistsibss
268 3089 279 3128 ,
297 3067 380 3150 quae
410 3045 555 3151 videlicet
576 3044 733 3130 'omnibus
759 3048 956 3150 eorumdem:
