2246 3412
303 122 388 170 ηις
410 121 440 169 tt
459 118 618 170 natatu.
638 117 714 182 cat.
729 115 777 164 tt.
912 121 990 192 253.

64 205 166 276 quae
178 189 269 258 nullo
280 188 440 257 hominum
456 189 682 268 iudicio‚nulla
695 189 982 278 privataattctori·

70 293 154 343 tate
180 279 297 346 tolliac
313 282 412 346 dirimi
425 283 526 369 possit
544 303 553 358 ;
571 279 657 365 atqui
674 299 738 342 rem
757 277 800 342 ita
816 299 851 344 se
863 275 977 348 habere

70 384 216 433 constat
227 391 265 434 err
279 368 429 436 hactenus
445 370 547 436 relatis
559 389 568 444 ;
582 387 658 455 ergo
672 365 821 432 revelatio
831 387 978 436 necessa·

70 453 127 519 ria
158 473 206 522 est
230 458 260 521 in
286 455 380 523 rebus
407 457 445 522 ad
469 458 645 546 religionem
664 453 895 543 spectantibus.
978 453 983 463 ’

125 540 195 608 111.
241 543 458 612 Revelationis
476 545 691 614 necessitatem
714 545 978 634 demonstrat'ip-

72 631 117 696 'sa
148 634 305 721 religionis
330 635 453 700 divinae
478 636 579 700 notio.
604 631 779 721 Religionis
802 633 977 716 obiectum,

72 719 277 810 principium
294 738 325 786 et
341 725 406 788 linis
422 741 470 793 est
485 724 576 788 Deus
593 723 683 810 ipse,
703 731 815 808 nempe
830 743 884 787 ens
901 724 977 790 infi-

1 879 2 882 Ἴ
71 809 186 873 nitunt
202 854 212 888 ,
228 812 323 875 menti
339 813 486 878 limitatae
504 807 830 898 incomprehensibile.
847 809 981 901 Religio

71 897 186 984 igitur
199 897 298 964 multa
314 902 473 966 continere
486 900 583 965 debet
605 917 708 985 supra
724 900 905 977 rationem,
918 923 978 968 seu

1 976 10 997 “’
71 988 236 1072 mysteria
253 990 364 1053 rationi
380 988 509 1054 omnino
530 985 706 1072 impervia,
731 1007 814 1071 quae
829 986 869 1052 ad
882 988 976 1056 theo·

1 1150 3 1157 y
77 1073 201 1161 logiam
225 1078 398 1156 naturalem
415 1099 479 1142 non
502 1077 670 1164 pertinent.
686 1075 801 1140 Divina
824 1077 976 1144 attributa

1 1232 2 1240 ἵ
81 1161 278 1260 illorumque
292 1185 410 1230 summa
426 1165 591 1231 consensio
613 1164 794 1228 altissimum
809 1181 881 1228 sunt
896 1187 976 1255 my-

80 1249 216 1316 sterium
237 1256 324 1319 nullo
339 1256 463 1320 rationis
479 1252 628 1319 naturalis
645 1252 760 1318 lumine
771 1273 976 1341 cognoscen-

2 1383 6 1413 ·.
80 1338 176 1402 dum.
190 1340 268 1406 Non
283 1344 385 1408 solum
399 1344 487 1410 Deus
508 1357 553 1408 est
570 1361 673 1406 retunt
694 1340 835 1406 omnium
849 1362 976 1412 creator

1 1437 8 1510 J
82 1445 183 1512 atque
195 1423 403 1514 ¹conservator
419 1429 503 1511 3⁴·sed
520 1447 644 1519 praeter
662 1427 738 1494 haec
754 1429 820 1496 duo
836 1435 975 1517 supremi
1030 1475 1033 1480 -

1 1557 3 1601 5
57 1597 59 1602 Ι
80 1517 222 1581 auctoris
250 1517 422 1598 beneficia,
444 1523 640 1604 innotescere
661 1518 751 1582 etiam
772 1515 915 1596 debuit,
933 1543 974 1586 an

1 1605 2 1610 ’
80 1604 171 1668 Deus
187 1629 246 1694 pro
261 1629 316 1673 sua
331 1610 449 1674 inlinita
464 1609 606 1674 bonitate
618 1606 681 1670 aliis
693 1626 750 1688 nos
763 1607 974 1676 comulaverit

1 1685 2 1716 ³
80 1694 186 1780 gratiis
203 1739 213 1772 ,
229 1719 309 1782 quae
327 1698 366 1762 ad
383 1698 515 1770 salutent
530 1711 688 1762 aeternam
709 1692 900 1762 referuntur.
916 1695 974 1787 lg·

1 1789 8 1841 ,’
83 1801 197 1866 notate
212 1784 394 1860 noodebuis
410 1787 519 1864 homo,
530 1783 609 1873 quid
623 1801 697 1871 post
711 1783 793 1849 hanc
808 1787 973 1854 mortalem
1074 1801 1079 1812 '

84 1869 178 1933 ritant
193 1875 381 1958 sperandum
398 1872 489 1939 bonis
507 1918 517 1952 ‚
533 1872 610 1959 quid
624 1873 795 1940 timendum
808 1872 971 1958 improbis.

85 1957 210 2044 Dogma
231 1963 385 2052 religionis
409 1963 610 2051 primarium,
636 1981 702 2048 quo
727 1960 825 2026 veluti
851 1959 972 2029 funda-

84 2067 190 2111 mento
204 2051 334 2129 nititur,
351 2069 397 2116 est
414 2055 480 2141 ipsa
493 2052 611 2116 animae
624 2048 865 2130 immortalitas,
881 2053 971 2140 quod

86 2135 211 2224 quidem
231 2137 345 2228 dogma
370 2141 442 2206 licet
468 2140 500 2204 in
516 2137 675 2224 theologia
690 2138 822 2204 naturali
838 2140 972 2205 demon·

1 2219 2 2225 '
86 2241 215 2288 stratum
230 2228 280 2305 ‚in
295 2225 422 2295 dubium
437 2245 589 2292 vocarunt
605 2225 698 2312 aliqui
712 2271 721 2304 ‚
735 2246 887 2314 negarunt
902 2230 969 2295 alii.

1 2309 3 2346 i
87 2312 299 2398 Praemiprum
315 2337 552 2405 poenarumque
566 2313 731 2380 aeternitas
747 2315 832 2380 aliud
845 2330 891 2382 est
903 2320 971 2404 spei
990 2353 993 2360 =

89 2404 292 2492 tremorisque
329 2405 457 2491 plenum
480 2403 632 2494 religionis
662 2401 854 2483 decretum,
880 2407 970 2472 cuius

88 2489 213 2577 quidem
248 2491 411 2560 veritatem
440 2491 547 2562 divina
576 2491 765 2558 auctoritate
790 2491 969 2562 horninibus

1 2595 4 2601 ’
85 2595 173 2642 certo
185 2581 342 2668 cognitam
354 2605 421 2648 esse
431 2629 440 2661 ‚
451 2578 635 2670 oportebat.
645 2579 696 2644 Ex
709 2579 766 2646 hac
779 2581 971 2654 demonstra*

89 2667 169 2733 tione
183 2668 370 2760 duabusque
380 2667 642 2760 praecedentibus
657 2684 755 2758 patet,
773 2672 969 2746 revelationis

85 2756 297 2823 necessitarem
322 2762 439 2848 duplici
453 2759 558 2826 modo
582 2756 774 2822 considerari
791 2780 904 2845 posse,
920 2763 976 2828 vel

1 2921 3 2932 .
89 2845 117 2908 in
128 2845 240 2928 ordine
257 2847 297 2912 ad
311 2847 394 2937 ipsas
409 2849 505 2916 etiam
520 2846 684 2924 veritates,
698 2869 779 2932 quae
798 2869 836 2914 ex
853 2851 974 2934 princir·
1041 2909 1045 2914 ,

1 2941 3 2956 ’
82 2933 144 3020 <piis
159 2932 285 3012 rationis
303 2937 515 3024 colliguntur,
532 2937 580 3000 vel
597 2935 628 2998 io
644 2934 810 3002 ordine·ad
824 2937 973 3026 dogmata

1 3015 2 3100 j
84 3018 286 3105 sublimiora,
303 3047 385 3114 quae
399 3026 577 3101 intellectus
591 3021 745 3118 finitivim
760 3045 888 3102 ornnem
901 3027 973 3124 lorg-
