2326 3438
202 129 283 211 rra
440 137 636 194 instrunt.
665 141 805 192 sttruos.

212 235 362 297 ruamus,
393 237 516 282 certum
547 217 627 294 erit,
658 215 728 280 fidei
757 209 855 280 rob'ur
880 213 1063 303 etreliqua
1147 269 1148 278 ,

212 310 338 374 tatione
362 305 488 374 deduci.
515 305 633 392 Neque
659 305 763 382 enim,
791 319 827 370 ut
848 303 974 392 egregie
986 325 1063 368 mo·

175 393 181 404 ’
215 396 285 462 nuit
308 397 340 460 S.
356 396 549 482 Augustinus
564 414 635 479 cap.
655 412 683 456 2.
700 390 742 458 de
752 391 923 480 praedest.
938 406 1061 458 sanct.
1147 471 1148 486 χ

210 505 299 560 tuens
326 503 457 560 nostra,
484 504 567 571 quae
591 479 731 548 veritatis
758 499 862 547 amore
884 481 1062 554 erratio-
1147 511 1148 538 2

211 573 257 638 nis
276 574 425 660 ,pondere
447 570 637 658 impellitur,
660 571 776 636 inflecti
793 589 898 656 posset
915 569 955 632 ad
977 582 1063 634 cre-¹

210 662 374 738 deudum,
398 659 455 724 nisi
482 661 653 747 perspicuo
675 659 813 744 quodam
837 657 965 720 rationis
989 658 1061 722 lu·-

208 751 317 827 mine,
348 749 507 836 quidquid
532 772 547 812 a
581 748 651 813 Deo
682 747 733 812 vel
762 743 940 810 hominibus
971 745 1053 833 ipsis
1147 765 1148 814 Τ

208 839 378 917 asseritur,
403 833 596 904 credendum
622 858 687 901 esse
711 849 930 922 cognosceret.
955 833 1052 900 Nul-

147 927 150 931 ’
209 924 263 994 lus
291 927 396 994 credit
429 925 587 1014 aliquid,
619 929 686 990 nisi
710 932 807 1011 prius
840 925 1050 1011 cogitauerit,
1147 945 1148 964 ³

204 1039 276 1083 esse
291 1013 502 1082 credendum.
519 1013 675 1093 Quamvis
691 1034 767 1101 ergo
780 1010 951 1078 debeamus
966 1031 1045 1100 cap-
1147 1013 1148 1016 ’

206 1108 314 1171 tiuare
350 1099 551 1170 intellectum
587 1106 621 1168 in
656 1104 845 1189 obsequium
862 1097 972 1186 fidei,
1008 1115 1048 1168 ut

208 1192 349 1278 loquitur
368 1191 555 1277 apostolus,
578 1189 691 1256 rationi
707 1211 800 1278 quam
816 1191 947 1266 maxime
961 1207 1048 1253 cott-

207 1299 391 1346 sentaneum
424 1297 492 1358 est,
525 1301 583 1343 nos
609 1281 754 1368 captivos
780 1278 902 1344 divinae
926 1294 1044 1342 aucto-

206 1370 290 1436 ritati
312 1366 470 1444 subdere,
493 1389 592 1453 quum
612 1366 664 1432 illa
686 1367 779 1434 sidem
798 1363 889 1433 faciat
910 1366 1049 1438 eviden-¹

208 1458 331 1524 tissimis
352 1457 564 1544 argumentis,
589 1455 691 1542 qualia
707 1472 788 1522 sunt
813 1453 986 1533 miracula,
1014 1469 1049 1522 et

169 1562 175 1568 '
208 1547 269 1612 alia
298 1545 511 1612 credibilitatis
543 1545 682 1622 motiva,
713 1543 831 1631 quibus
859 1543 948 1610 l'ateri
983 1564 1049 1608 σου7

207 1637 332 1723 gimur,
357 1635 460 1702 Deum
481 1655 539 1710 ea,
562 1654 644 1722 quae
665 1633 825 1698 credenda
850 1652 1045 1720 proponun-

204 1742 283 1802 tut,
309 1721 487 1787 hominibus
519 1722 683 1790 revelasse.
709 1721 774 1786 Hic
796 1722 893 1808 vulgo
917 1719 1046 1806 quaeri-r

205 1827 281 1889 tur,
306 1829 411 1876 utrum
430 1810 576 1889 scientia,
603 1809 680 1876 fides
699 1828 730 1876 et
748 1810 858 1896 opinio
871 1809 916 1874 de
932 1809 1045 1887 eadent

205 1921 238 1964 re
255 1896 345 1962 simul
364 1918 432 1963 esse
449 1901 570 1984 possint
585 1899 614 1962 in
632 1897 747 1978 eodem
763 1897 906 1964 subiecto
921 1919 977 1964 seu
997 1899 1045 1963 in·

205 1988 355 2064 tellectu,
373 1984 434 2050 hoc
453 2001 517 2062 est,
542 2005 647 2052 utrum
666 1986 824 2073 possimus
840 1985 1044 2075 propositio-.-

205 2077 236 2140 ni
251 2075 344 2141 alicui
360 2095 521 2140 assensum
539 2073 689 2163 praebere
699 2122 710 2154 ,
733 2094 801 2141 tum
826 2093 960 2177 propter
978 2074 1043 2143 des
1079 2115 1081 2120 ·

204 2165 485 2243 monstrationem,
508 2179 575 2232 turn
595 2183 728 2251 propter
745 2163 936 2240 ‚affirmantis
958 2185 1043 2240 auo-v

204 2257 385 2332 toritatem,
408 2268 475 2316 tum
498 2272 629 2341 propter
652 2252 790 2339 aliquam
814 2249 1043 2339 probationem
1079 2263 1082 2270 '

203 2341 403 2432 probabilem
414 2339 512 2404 simul.
527 2341 616 2406 Patet
628 2358 733 2406 autem
744 2341 941 2426 experientia
951 2389 963 2420 ,
975 2343 1042 2410 fieti

205 2451 321 2519 posse,
348 2446 384 2496 ut
409 2427 509 2494 eidem
534 2429 730 2494 conclusioni
754 2451 812 2517 per
838 2429 961 2496 diversa
986 2453 1043 2498 ar·

204 2539 352 2609 gumenta
380 2537 436 2582 seu
463 2519 567 2584 media
591 2518 806 2585 assentiamur.
840 2519 888 2583 Sic
915 2519 1042 2584 etaci-

155 2609 157 2612 ’
203 2629 274 2674 mus
295 2622 326 2674 et
348 2604 620 2686 demonstramus,
646 2605 753 2672 Deum
776 2603 870 2673 rebus
895 2607 1043 2676 omnibus

204 2695 393 2785 providere,
415 2711 447 2761 et
471 2694 502 2760 id
520 2712 652 2784 propter
668 2697 891 2761 auctoritatem
908 2694 969 2761 Dei
987 2719 1043 2766 re·

204 2783 338 2851 vetantis
360 2784 529 2849 firmissime
552 2782 728 2862 credimus,
751 2801 783 2850 et
808 2804 968 2849 assensum
991 2787 1042 2851 ei-

205 2869 278 2942 dem
300 2873 393 2940 etiam
415 2872 624 2963 propositioni
640 2872 792 2962 praebere
807 2893 977 2963 possumus
995 2872 1039 2943 ob
