2300 3506
274 167 358 214 unus
385 161 594 217 uteorum.
619 165 696 217 one.
720 166 746 214 r.
896 169 935 236 μ

95 233 265 326 pendeant
294 255 327 302 et
359 257 536 326 regantur3
569 238 644 302 huic
669 237 811 304 tribuere
842 235 940 307 debet

96 327 134 390 in
154 347 273 389 summo
297 326 399 414 gradu
422 325 636 416 perfectiones
650 347 786 406 omnes,
811 327 939 412 quasin

105 435 137 480 se
148 417 316 502 cognoscit
331 438 341 493 ;
364 437 528 503 quumque
543 416 704 480 scientiam
712 463 724 496 ,
738 415 940 506 sapientiam,

101 502 328 592 prudentiam,
351 503 551 583 libertatem,
567 505 704 592 aliasque
727 501 940 594 perfectiones

100 593 128 656 in
144 594 255 681 seipsa
272 613 359 657 mens
376 592 531 682 percipiat
545 590 689 670 ;'harum
706 589 940 683 perfectionum

82 683 288 770 ·congeriem
314 682 345 743 in
372 680 472 770 gradu
499 681 619 746 infinito
646 681 711 750 siue
733 681 796 748 ulia
818 683 941 770 imper·

96 769 254 836 fectionis
281 770 414 834 mixtura
441 772 505 836 enti
528 789 678 857 supremo
705 770 829 836 inuesse
855 791 940 835 con-

97 859 218 924 cludit.
252 857 352 922 Porro
367 857 408 924 de
422 859 491 924 idea
513 857 572 922 Dei
592 879 767 944 persensus
783 859 940 946 acquisita

90 947 149 1014 hic
177 967 356 1012 sermonem
373 969 439 1011 non
464 945 638 1025 habemus,
667 947 752 1012 ideas
772 949 852 1012 enirn
875 967 940 1032 pu·

93 1033 134 1104 r'e
172 1033 406 1101 intellectuales
440 1052 562 1099 tantum
594 1036 838 1102 consideramus.
871 1034 941 1102 ianr

99 1143 189 1190 vero
219 1141 387 1212 postquam
412 1146 498 1190 meus
523 1123 702 1206 intellexit,
728 1126 859 1192 existere
886 1145 941 1190 ens

100 1232 290 1300 supremum
308 1235 492 1302 summeque
510 1209 709 1302 perfectum,
734 1213 838 1279 statim
860 1233 940 1304 per-

97 1300 205 1388 cipit,
238 1323 270 1367 se
294 1301 336 1366 ita
363 1299 481 1366 factum
497 1325 587 1380 esse,
615 1319 650 1364 ut
666 1321 849 1381 noucssu,
882 1300 940 1366 sed

98 1391 225 1455 ratione
251 1389 291 1454 ad
308 1390 464 1479 agendum
490 1391 573 1456 flecti
594 1389 730 1470 debeat,
757 1407 853 1481 atque
867 1387 940 1456 hino
972 1457 975 1464 ,

100 1477 198 1544 facile
221 1474 333 1544 inferre
355 1495 460 1566 potest
475 1477 662 1546 certissimas
680 1479 840 1544 actionum
861 1496 940 1540 sua-

102 1587 177 1630 rum
216 1569 349 1653 regulas.
379 1569 427 1632 sic
461 1591 489 1634 e.
518 1590 548 1656 g.
578 1566 744 1654 intelligit,
776 1585 812 1629 se
839 1563 939 1630 teneri

107 1651 244 1718 obedire
276 1655 368 1734 Deo,
398 1655 541 1722 ordinem
566 1655 606 1720 ab
635 1657 702 1744 ipso
731 1652 940 1718 constitutum

108 1759 259 1818 servare,
288 1763 364 1829 quae
402 1743 444 1810 ad
479 1763 644 1817 commune
676 1743 834 1808 societatis
873 1739 940 1804 bo·

109 1847 189 1892 num
204 1829 382 1898 conducunt
399 1877 410 1912 ,
438 1853 595 1920 quaerere.
626 1831 683 1896 His
697 1851 775 1897 vero
789 1828 938 1897 intellec-

105 1917 144 1982 tis
179 1921 290 2008 regulis
327 1919 482 1986 formatur
515 1919 731 1998 conscientia,
768 1941 850 2010 quae
882 1921 937 1984 ni-

102 2005 147 2070 hil
163 2007 251 2072 aliud
266 2024 313 2075 est
329 2031 424 2098 quam
441 2009 568 2077 rationis
584 2009 735 2074 iudicium
750 2051 760 2085 ,
795 2027 861 2096 quo
875 2009 940 2072 ad-

102 2116 272 2162 monemur
299 2098 339 2165 de
367 2119 465 2186 opere
489 2095 574 2164 facto
601 2098 651 2164 vel
674 2093 840 2174 faciendo,
868 2113 939 2159 rec·

54 2241 56 2244 ,
103 2200 178 2248 tum
215 2207 253 2249 ne
288 2185 328 2252 sir
365 2209 406 2252 an
439 2208 600 2274 pravum,
628 2183 691 2248 hoc
720 2196 793 2262 est,
825 2183 940 2271 regulis

103 2288 384 2355 consentaneum,
407 2292 445 2338 en
469 2274 525 2340 iilis
548 2275 788 2340 dissentaneum.

128 2395 145 2430 e
166 2361 215 2432 ,Et
238 2364 369 2448 quidem
395 2363 613 2452 unusquisque
637 2363 668 2425 in
697 2357 804 2446 seipso
838 2376 940 2442 expe·

101 2447 185 2514 ritur
198 2451 449 2540 propensionem
464 2449 634 2538 quamdam
648 2448 689 2515 ad
703 2467 815 2513 verum
828 2460 860 2509 et
876 2443 946 2508 bos

102 2555 193 2600 num.
221 2536 410 2608 intellectus
431 2563 496 2605 non
519 2538 688 2616 assentitur
708 2535 766 2601 nisi
787 2553 864 2600 vero
882 2531 942 2600 sal·

106 2641 173 2689 tem
199 2631 393 2716 apparenti3
422 2629 569 2695 voluntas
595 2650 660 2692 non
689 2641 774 2690 amat
799 2641 853 2689 aut
880 2631 942 2688 ex-

103 2713 192 2803 petit
215 2719 270 2782 nisi
301 2719 452 2803 bonum,
488 2735 543 2782 aut
575 2716 667 2804 quod
694 2713 768 2782 boni
802 2711 943 2800 speciem

88 2801 288 2892 praesefert.
316 2807 376 2872 Est
397 2809 490 2896 igitur
510 2807 604 2872 menti
627 2819 757 2868 nostrae
770 2798 944 2886 impressus
993 2793 1005 2818 ⁹

103 2914 192 2960 auor
212 2895 283 2963 veri
302 2913 335 2964 et
352 2895 451 2975 boui,
474 2917 511 2962 ac
527 2892 661 3044 pmissd‘
674 2888 845 2980 quamdam
861 2903 948 2948 sum-

641 3001 657 3043 a
