2258 3428
237 150 322 198 rans
342 151 372 196 1.
390 147 552 196 nectunt.
567 142 642 196 oar.
666 147 740 196 ttt.
833 145 897 222 1η

48 222 200 291 nientiae
227 223 278 288 vel
304 219 532 309 repugnantiae
560 217 714 286 conditio.
742 213 843 306 Igitur
868 220 901 288 in

52 309 333 401 propositionibus
359 307 589 397 philosophicis
611 306 688 374 nihil
702 307 902 398 ponendum,

54 402 121 468 nisi
146 400 235 488 qnod
262 397 468 488 praedicari,
490 417 522 464 et
551 395 682 464 subiecti
706 397 902 464 convenien-

59 492 133 554 tiam
144 489 192 553 vel
205 488 453 575 discrepantiam
465 486 675 554 determinare
687 487 799 574 possit.
810 485 902 554 Tan·

64 578 174 644 demin
191 576 518 642 demonstrationibus
533 573 760 664 philosophicis
774 598 812 642 ex
822 598 902 664 pro·
942 635 946 666 ,

59 663 510 756 positionibusdemonstratis
521 666 685 731 veritatem
700 665 836 754 aliquam
845 687 902 732 an·

55 777 104 824 tea
121 761 281 824 latentem
300 757 449 822 eruimus.
464 752 565 833 Quod
586 771 620 820 ut
643 755 721 832 liat,
749 755 821 820 satis
841 771 902 836 est,
935 815 941 828 ,

56 845 291 923 definitiones,
309 843 542 932 propositiones
568 841 797 910 demonstratas
812 887 824 922 ,
845 866 904 911 ea·

53 957 198 1022 rumque
217 931 507 1002 demonstrationes
522 932 553 996 in
568 931 753 996 memoriam
769 952 903 1000 revoca·

53 1026 101 1102 ri,
119 1023 330 1110 propriisque
358 1021 463 1089 verbis
487 1019 658 1088 enuntiari.
673 1019 716 1084 Et
728 1019 854 1102 quidem
877 1022 903 1090 si

57 1111 143 1178 nihil
167 1111 257 1176 alind
281 1109 445 1178 intendant
463 1107 668 1197 philosophi,
692 1107 752 1174 nisi
774 1126 811 1176 ut
838 1109 904 1176 do-

57 1215 187 1278 ceant,
203 1199 289 1266 nulla
313 1217 360 1266 est
385 1199 464 1264 ratio
482 1243 492 1279 ,
508 1220 564 1263 eur
588 1199 647 1264 alia
662 1195 809 1266 adibeant
827 1221 904 1270 ver·

56 1287 99 1354 ba
117 1334 128 1368 ,
155 1308 189 1355 et
204 1289 296 1376 plura
311 1309 404 1374 quam
421 1302 504 1374 quae
520 1285 658 1352 adhunc
681 1309 812 1374 scopum
831 1285 904 1356 sul-

57 1379 184 1444 ficiunt.
206 1377 320 1457 Quare
342 1376 366 1442 si
387 1377 546 1442 vocabula
567 1378 673 1462 aliqua
698 1377 799 1444 minus
824 1377 904 1444 lati-

57 1489 97 1532 na
124 1466 277 1546 fuerint,
310 1480 343 1530 et
373 1465 472 1532 barba
502 1465 695 1542 videantur,
722 1463 901 1532 dummodo

57 1572 164 1622 tamen
195 1557 269 1628 sint
289 1551 463 1634 technica,
489 1571 524 1620 ut
549 1555 610 1620 iam
638 1552 760 1618 dictum
781 1571 829 1620 est
842 1595 854 1630 ,
868 1569 902 1620 ct

66 1644 108 1708 ad
144 1642 316 1712 faciliorem
345 1664 449 1708 rerum
474 1642 710 1731 intelligentiam
743 1641 908 1728 apposita,

71 1754 110 1798 ea
137 1732 243 1816 respui
264 1753 327 1798 non
349 1730 493 1810 debent,
517 1753 618 1820 neque
640 1731 700 1796 alia
716 1727 907 1800 substituere

68 1819 156 1884 licet.
174 1816 217 1884 Et
245 1820 325 1888 certe
341 1820 366 1884 si
392 1818 552 1888 vocabula
573 1821 676 1888 semel·
696 1836 824 1908 recepta
838 1839 906 1888 nott

69 1908 266 1990 retineamus,
280 1911 337 1979 sed
353 1907 453 1976 aliena
469 1931 683 1998 usurpemus,
702 1909 803 1977 lector
817 1909 907 1978 tech-

64 2002 209 2064 nicorum
230 1998 462 2064 vocabulorum
477 1997 601 2088 ignarus
624 2020 683 2066 nos
702 2021 768 2064 non
783 1999 909 2066 intelli«.
937 1994 945 2006 “

65 2105 144 2176 get,
165 2105 198 2154 et
225 2108 340 2154 contra
363 2087 386 2152 si
410 2109 495 2152 nova
522 2087 682 2162 vocabula
704 2087 908 2168 intellexerit,

63 2196 197 2265 recepta
213 2177 254 2242 ab
281 2177 348 2242 aliis
369 2177 582 2264 scriptoribus
596 2174 694 2242 verba
710 2197 775 2243 non
790 2198 825 2242 ca
854 2177 910 2260 iet,

61 2266 124 2330 nisi
149 2283 329 2356 utrumque
357 2265 588 2332 vocabulorum
615 2285 713 2354 genus
741 2264 797 2332 sibi
822 2199 911 2332 slmi-

59 2355 140 2420 liare
155 2353 329 2426 reddiderit
344 2399 353 2432 ,
370 2376 407 2420 ac
424 2353 580 2442 proinde,
596 2353 683 2421 nulla
698 2369 834 2443 urgente
848 2375 909 2418 ne-

61 2446 214 2509 cessitate
226 2443 376 2511 memoria
391 2440 557 2510 vocabulis
573 2444 745 2512 oneranda.
761 2445 809 2508 At
818 2464 912 2531 prae·

61 2547 121 2597 ter·
131 2535 355 2598 necessitatem
383 2532 513 2600 lectoris
531 2532 714 2619 patientiam
738 2550 770 2600 et
785 2553 913 2598 memo·

62 2620 144 2683 riam
174 2618 344 2708 defatigari
368 2643 433 2690 non
458 2621 623 2687 convenit.
653 2621 694 2690 ld
720 2645 797 2690 vero
813 2623 914 2690 multo

61 2709 171 2776 miuus
186 2709 377 2787 ferendum,
393 2710 422 2774 si
443 2711 515 2797 quis
542 2731 626 2776 nova
646 2711 804 2776 vocabula
819 2733 914 2778 com-

62 2798 255 2866 miniscetur
273 2843 282 2874 ,
314 2797 430 2886 quibus
446 2819 493 2866 tes
508 2797 548 2868 ab
562 2799 628 2864 aliis
645 2802 705 2864 iam
722 2798 866 2866 inventae
883 2817 915 2866 et

64 2887 170 2956 dictas
185 2887 337 2961 involvat
356 2932 367 2966 ,
381 2909 495 2977 easque
513 2889 601 2957 velut
621 2908 718 2955 novas
734 2889 919 2956 reinvenir-
