2298 3418
236 136 300 204 268
480 155 673 202 assamur.
697 155 827 203 ramos.-
853 171 864 206 τ

233 229 335 310 bruta
372 224 493 292 habent
519 247 644 314 organa
679 229 851 300 sensurias
881 223 987 292 Deus*
1013 247 1071 298 nac

232 331 286 384 est
313 311 485 380 mutabilis
510 337 566 378 nec
584 311 718 398 finitus.
999 367 1002 376 .

245 465 249 472 ,
300 401 484 489 Proposirio
511 404 690 489 composita
715 400 831 466 dicitur
856 399 1075 482 disiunctiva,

233 489 290 559 ubi
315 489 512 574 expluribus
563 491 725 560 medicatis
749 513 846 556 unum
867 489 1074 556 tribuendum

237 599 302 650 esse
328 578 477 662 subiecto
508 515 707 660 allirmatur„
733 580 788 645 seri
821 579 982 665 quodnam
1009 601 1077 646 eo-

235 689 305 746 rum
334 667 428 732 tribui
455 667 599 747 debeat,
625 690 689 734 non
713 668 949 738 determinatur.
977 666 1018 732 Ε.
1043 689 1077 754 g.

236 758 439 832 disiunctivae
460 775 533 822 sunt
547 760 621 824 istae
638 758 894 844 propositiones:
921 759 1077 834 amicitia

231 865 335 933 pates
361 861 429 927 aut*
442 851 588 938 accipit,
615 863 675 914 aut
687 845 807 928 facit.-
837 859 895 912 aut
914 842 987 910 dies
1010 861 1074 926 est,

237 951 297 1000 aut
317 957 392 998 noa.

247 1103 251 1108 Δ
304 1021 487 1110 Proposirio
515 1023 693 1110 composita
719 1020 869 1088 discreta
892 1036 964 1100 est,
991 1041 1076 1108 quac

238 1107 363 1182 diversa
394 1110 508 1176 iudicia
540 1113 686 1198 exprimit
719 1111 868 1176 distincta
895 1109 1076 1195 particulis,

237 1199 319 1276 sed,
343 1217 478 1277 tamen,
501 1219 555 1264 aut
570 1198 737 1264 similibus.
759 1199 808 1267 V.
829 1221 859 1284 g.
879 1195 1079 1278 ueritasfa-

238 1289 344 1374 rigari
353 1303 485 1374 potest,
513 1311 573 1354 nun
586 1305 695 1354 tamen
706 1290 809 1352 vinci:
824 1288 966 1352 Romani
975 1309 1077 1352 exer·

238 1377 324 1440 citus
345 1373 546 1462 disciplina,
569 1400 628 1442 non
651 1391 760 1442 autem
782 1397 911 1440 numero
930 1373 1078 1440 militum

238 1466 400 1544 vincebat.
419 1465 658 1552 Propositiones
681 1462 908 1553 hypotheticae
924 1462 966 1528 ad
980 1484 1079 1528 com-

239 1553 362 1639 positas
377 1554 474 1641 vulgo
498 1551 694 1639 referuntur,
718 1551 862 1639 quamvis
880 1571 973 1638 saepe
995 1551 1078 1614 sim·
1122 1615 1123 1620 ,

240 1641 338 1728 plices
365 1660 448 1720 sunt.
473 1641 628 1720 Causalt's
651 1639 827 1728 composita
843 1657 937 1705 eaest
950 1687 961 1718 ,
991 1660 1077 1725 quac

241 1727 319 1794 duas
333 1731 556 1817 complectitur
569 1729 804 1817 propositiones
817 1750 871 1814 per
885 1725 1079 1813 particulam

239 1821 418 1894 causalem,
441 1821 542 1904 quia,
565 1833 602 1882 ut
619 1835 681 1884 cet.
696 1817 870 1904 colligatas.
897 1815 948 1885 V.
969 1837 1001 1903 g.
1014 1839 1080 1882 vae

239 1906 327 1989 uobis
341 1905 500 1970 divitibus
517 1948 527 1981 ,
556 1909 636 1992 quia
652 1907 993 1978 mercedemvestram
1015 1903 1081 1972 ac·-

239 1997 385 2080 cepistis.
411 1992 464 2056 Ad
488 1996 628 2060 causales
644 1993 823 2070 referuntur
839 1992 1081 2080 propositiones

132 2123 133 2126 =
159 2161 160 2166 ἵ
239 2080 503 2170 &duplicatione
517 2130 528 2162 ,
554 2085 585 2146 in
603 2081 717 2168 quibus
732 2081 983 2167 subiectumper
999 2102 1081 2167 par-

239 2169 359 2234 siculas
361 2187 464 2260 prout
478 2216 487 2250 ‚
515 2177 677 2259 quatenus
693 2169 873 2257 duplicatur
887 2216 899 2247 ,
925 2184 961 2230 ut
975 2191 1083 2257 quum

240 2256 378 2343 dicitur:
396 2258 541 2339 animal,
553 2275 715 2349 quatenus
726 2255 872 2336 animai,
889 2255 985 2323 babet
1000 2280 1083 2325 sett-

240 2347 348 2420 it'endi
364 2347 581 2429 facultatem.
810 2397 839 2422 ,-
892 2413 895 2422 ,
1037 2365 1059 2430 ᾗ

284 2433 346 2502 XI.
395 2435 633 2522 Propositioncs
649 2457 783 2523 quarum
807 2431 1000 2522 compositio
1016 2454 1084 2521 pa·-

241 2537 319 2602 tet,
357 2523 505 2589 dicuntur
527 2523 685 2612 explicite
712 2528 939 2611 compositae,
967 2525 1083 2610 quales
1120 2553 1121 2560 κ

241 2630 313 2675 sunt
331 2611 451 2698 species
466 2614 719 2702 propositionum
745 2613 842 2676 modo
868 2631 1084 2684 enumeratae·

241 2695 319 2765 Illae
347 2723 447 2779 vero,
473 2703 503 2766 in
531 2704 645 2788 quibus
670 2701 863 2783 compositio
890 2719 955 2762 non
976 2720 1085 2786 appa·

239 2807 313 2865 ret,
338 2788 489 2854 dicuntur
510 2789 673 2876 'implicite
695 2793 916 2876 compositae,
942 2807 998 2851 scu
1023 2811 1086 2852 est-

171 2910 176 2920 ·
233 2874 413 2964 annihilas,
430 2882 565 2968 qua'rum
578 2877 722 2967 quinque
737 2878 835 2966 vulgo
850 2875 973 2965 species
983 2897 1089 2958 ⁴consss
