2298 3418
230 155 279 224 ῃ
433 147 652 198 aurumve.
678 149 817 200 'tultos
875 164 901 188 -ι

232 237 347 287 cuntur
361 245 371 285 ε
400 243 485 311 quae
499 205 563 285 sivi
573 224 705 286 invisens
718 225 878 294 substitui
889 239 1066 311 nequeunt,
1137 241 1138 304 l

230 308 321 376 salvo
335 317 420 376 omni
426 307 636 397 praedicati}
655 311 789 380 Verum
806 305 935 377 uenero
948 312 1067 379 diver·

230 421 270 464 sa
299 415 394 464 sunt:
421 419 557 489 quorum
579 421 678 464 unum
701 399 743 467 dt
762 396 870 488 alteru
894 405 928 466 in
949 405 1069 492 singu-

229 485 299 553 lari
326 484 496 573 affirmari
522 491 648 574 nequin-
667 518 683 527 ..

275 573 341 640 111.
385 575 515 642 Similia
544 574 720 655 dicuntur,
747 576 777 640 in
807 575 922 664 quibus
951 575 1067 644 eadem

229 685 301 730 sunt
319 709 329 744 ,
358 686 415 752 per
429 686 511 751 quae
522 663 611 750 entia
628 688 646 728 a
661 665 843 732 seinvicem
857 665 987 730 discerni
1002 667 1067 738 den,

230 752 305 822 beor
319 776 329 829 ;
358 754 403 818 ita
416 771 451 818 ut
464 750 646 818 similitudo
661 755 723 818 sit:
752 753 922 820 idemtitas
936 775 1060 834 eorum,

222 862 286 930 per
308 863 393 932 quae
414 844 504 906 entia
519 865 541 906 a
560 845 744 908 seinvicem
765 841 916 911 discerni,
928 841 1057 908 debent.

152 967 158 978 ι
228 929 363 998 Ensibus
382 946 486 996 autern
508 953 526 994 a
551 929 734 996 seinvicem
753 929 965 997 discernendis
985 930 1062 998 des-

229 1019 367 1094 tinantur
392 1019 538 1096 interna,
568 1041 664 1104 quae·
686 1020 754 1085 sine
783 1018 846 1084 alio
872 1037 964 1084 extra
991 1020 1065 1107 ipsa,¹

228 1110 310 1190 entia
332 1127 496 1193 assumpto
515 1107 643 1197 intelligi
665 1129 728 1174 non
750 1125 895 1196 possunt.
925 1107 1065 1194 Alioqui·

227 1217 286 1264 nec
311 1193 485 1260 differentia
512 1196 600 1260 alteri
628 1197 778 1282 explicari
797 1209 812 1276 ,’
835 1217 892 1261 nec
918 1217 975 1260 ens
1002 1197 1063 1259 ob·

227 1284 313 1348 vium
335 1305 354 1346 ι
370 1282 460 1348 nobis
475 1285 603 1374 agnosci
619 1287 764 1372 poterit,
793 1285 849 1350 nisi
868 1283 968 1350 vdetur
983 1284 1064 1350 illud

228 1390 418 1450 externum,
449 1373 512 1439 sine
527 1393 591 1458 quo
612 1373 740 1462 intelligi
758 1375 877 1462 nequit.
906 1370 956 1436 Ita
980 1374 1063 1462 ligu-

226 1466 278 1532 tae
295 1460 480 1541 rectilineae
505 1481 629 1550 praeter
657 1461 788 1550 angulos
814 1481 846 1528 et
870 1479 996 1540 rectas,
1020 1484 1061 1528 ex

227 1551 350 1636 quibus:
378 1549 544 1638 perimeter
582 1569 736 1626 constat,
779 1549 851 1614 nihil
879 1549 1062 1615 continente

226 1638 444 1720 Quamobrem
469 1637 494 1703 si
519 1640 667 1726 aequales
693 1638 807 1704 fuerint
827 1639 959 1726 anguli,
984 1639 1056 1703 etsi
1135 1677 1136 1680 =

225 1727 495 1796 lateraeanuen
521 1729 552 1790 in
578 1728 718 1814 pluribus
741 1728 847 1816 liguris
873 1727 1058 1792 relationem

225 1815 413 1891 habuerint,
429 1817 546 1900 figurae
559 1817 734 1888 rectilineae
747 1818 858 1882 similes
874 1833 957 1878 sunt.
974 1815 1016 1879 E..
1027 1837 1058 1904 g.

225 1903 253 1978 si
273 1906 303 1966 in
316 1902 429 1976 charta
447 1901 646 1969 delineentur
664 1903 812 1970 aedificia
836 1903 904 1969 duo
931 1925 1059 1990 prorsus

225 1991 361 2076 similia,
387 2011 523 2078 quorum
547 2011 652 2077 partes
681 1994 820 2082 singulae
844 1993 988 2060 eamdem
1014 1993 1059 2056 in·

223 2098 276 2146 ter
292 2102 335 2144 ,se
362 2078 605 2166 proportionem
628 2079 788 2160 habeant,
818 2102 836 2144 a
868 2103 901 2146 se
926 2081 1058 2146 invicem

227 2169 360 2236 discerni
383 2190 446 2234 non
475 2169 627 2257 poterunt
648 2169 790 2234 aedificia
818 2170 895 2244 illa,
922 2169 978 2232 nisi
1004 2171 1059 2235 ad·
1137 2167 1138 2218 ἒ

224 2257 371 2326 hibentur
397 2277 540 2322 mensura
566 2277 721 2334 externa,
755 2279 837 2346 quae
866 2259 1059 2324 diversarum

225 2348 363 2435 partium
380 2345 608 2436 longitudinem
632 2344 791 2412 exhibeat.
822 2342 870 2410 Ex
888 2344 933 2408 his
950 2365 1058 2412 autent

224 2435 381 2500 contraria
398 2439 516 2500 ratione
533 2434 737 2524 intelligitur,
764 2458 800 2500 ea
815 2434 995 2501 dissimilia
1009 2456 1057 2501 es-

227 2546 280 2590 set
310 2528 343 2588 in
358 2526 475 2612 quibus
497 2523 630 2588 diuersa
657 2539 759 2604 sunt,
782 2545 845 2612 per
865 2545 949 2610 qttne
967 2528 1058 2590 entia

223 2638 246 2679 a
261 2635 297 2676 se
312 2616 444 2676 inuitem
461 2610 605 2676 discerni
618 2611 734 2677 debunt
750 2659 759 2688 ‚
784 2633 824 2678 ac·
835 2609 967 2697 proinde
982 2611 1057 2678 dis-

223 2697 406 2766 similitudo
422 2717 487 2764 est:
502 2702 680 2765 diuersitas
691 2721 816 2777 eornm,
830 2721 890 2786 per
901 2712 989 2788 quae
1002 2722 1056 2768 ene
1073 2751 1075 2756 .

223 2791 274 2854 ria
300 2811 323 2851 a
348 2808 383 2851 se
411 2790 546 2852 invicem
574 2785 881 2870 discussissent„
