2298 3418
278 153 365 205 rans
383 155 410 202 r.
433 143 589 203 mutarn.
614 135 757 214 t'nrffrt.
895 145 936 218 tp

101 231 135 296 le
159 242 193 296 et
215 219 376 294 aeternum
398 231 520 314 prajeter
543 224 646 290 Deum
659 247 674 302 s·
703 221 756 290 sed
781 219 805 286 si
829 226 936 308 possi-

102 313 214 384 bilitas
226 320 328 382 rerum
350 314 495 380 absoluta
516 333 580 376 uon
604 310 755 398 penderet
778 331 796 376 a
817 313 938 378 volun-

105 405 324 483 medisina,
355 403 573 468 admitteretur
600 401 719 488 aliquid
745 400 938 470 immutabile

106 510 232 584 praeter
256 493 390 570 Deum;
417 490 701 579 ergolpossibllitas
732 488 874 554 absoluta
905 510 937 558 et

103 583 251 672 primaria
266 603 330 647 non
348 597 396 664 est
412 579 629 667 independens
642 599 658 642 a
673 578 836 644 voluntate
851 579 938 658 divi7'

103 693 157 737 na.
186 671 288 758 Resp.
315 670 362 734 N.
390 669 464 733 min.
494 667 617 734 Etenim
633 667 819 754 possibilitas
833 689 937 734 rerum
983 747 987 756 ¹

103 781 171 827 non
186 760 291 826 existit
312 778 449 822 seorsum
461 752 591 843 a'Deo,
619 754 674 832 sed
695 773 816 820 tantum
841 757 870 823 in
887 759 938 823 in-

105 844 238 914 tellectu
266 846 386 912 divino.
410 845 511 915 Vnde
535 845 714 912 intellectu-s
739 843 864 909 divinus
891 865 941 924 est,

105 935 297 1000 fons-omnis
319 934 526 1024 possibilitatis
542 934 610 1014 ita,
640 947 675 996 ut
691 932 715 995 si
737 933 839 997 nullus
857 933 939 1002 esset

106 1023 223 1102 Deus,
252 1024 493 1111 necquidquam
509 1022 646 1090 aliudne
663 1021 844 1088 intrinsecus
861 1024 939 1116 qui-

110 1113 184 1200 dem
199 1109 349 1200 possibile
364 1111 455 1176 lorer.
483 1111 610 1200 Etenim
626 1131 672 1176 ret
687 1110 758 1174 ideo
773 1110 938 1200 possibiles
955 1119 958 1125 ’

72 1253 75 1264 .
108 1195 205 1278 sunt,
224 1201 311 1288 quod
326 1199 511 1288 impossibile
525 1199 587 1278 sit,
608 1217 643 1264 ut
661 1199 837 1290 intellectus
852 1195 939 1266 dlvi·¹
956 1197 957 1202 ’

109 1309 173 1353 nus
185 1289 427 1354 contradictoria
442 1289 740 1375 slbi'teptaesentet3
754 1289 939 1375 acproinde

107 1377 229 1466 aliquid
251 1397 299 1444 est
325 1375 499 1466 possibile,
526 1379 599 1463 quia
620 1379 685 1442 eius
707 1375 777 1442 idea
797 1377 827 1440 in
848 1376 941 1444 intel&

108 1465 193 1532 lectu
211 1463 475 1542 'divinodatun
503 1481 534 1530 et
564 1469 606 1530 sic
637 1466 754 1552 pendet
782 1467 941 1554 possibilia

61 1611 74 1617 .,
107 1571 156 1619 tas
184 1574 287 1619 rerum
322 1551 363 1618 ab
399 1553 560 1618 intellectu
595 1553 727 1631 divino,
764 1573 828 1618 non
863 1564 940 1622 veru

107 1643 150 1708 ab
172 1644 269 1731 ipsius
295 1641 469 1706 voluntate
487 1642 638 1723 Quamvis
657 1663 733 1730 ergo
748 1641 940 1728 possibilitas

48 1805 52 1813 ἱ
108 1753 213 1797 rerum
237 1731 277 1794 sit
300 1728 504 1794 immutabilis
527 1749 558 1796 et
582 1748 729 1808 aeterna;
743 1735 872 1796 'atamen
890 1733 942 1798 ni-

109 1818 153 1884 hil
181 1821 254 1884 Deo
278 1834 504 1896 coaeternum,
527 1835 558 1884 et
581 1841 705 1907 praeter
725 1841 796 1884 eum
824 1822 942 1888 immu⁴

110 1904 409 1973 tabile¹admititun
447 1907 571 1972 Etenim
601 1931 683 1996 quae
714 1907 747 1970 in
775 1908 942 1979 intellectu

53 2043 56 2050 ι
110 1997 172 2062 Dei
204 2011 298 2075 sunt,
330 2013 361 2061 et
392 1995 432 2061 ad
459 1991 941 2085 intellectumeius-pertinent,

13 2095 14 2126 ³
109 2107 175 2162 non
190 2099 261 2148 sunt
274 2083 391 2170 aliquid
406 2083 567 2174 quidpiam
584 2095 707 2170 praeter
722 2085 826 2149 Deum
840 2134 850 2164 ,
877 2088 942 2152 ticss*
1027 2095 1028 2098 ’

110 2195 146 2238 ut
174 2194 297 2250 exeo,
326 2173 413 2260 quod
434 2173 523 2238 ideae
554 2195 656 2238 rerum
680 2174 740 2236 sint
761 2175 942 2239 immutabis·

110 2262 180 2341 les,
211 2283 273 2325 non
297 2281 399 2327 tamen
417 2261 489 2326 iude
509 2258 641 2326 infertur
654 2309 666 2340 ,
697 2281 744 2325 res
767 2262 848 2348 ipsas
875 2285 943 2331 esse

111 2349 345 2428 immutabiles,
374 2363 471 2436 quum
492 2351 521 2412 ln
543 2348 622 2414 ideis
637 2348 880 2416 immutabilibus
897 2371 944 2418 tet

112 2438 201 2526 ipsae
218 2457 378 2524 tamquam
395 2437 559 2502 mutabiles
576 2457 857 2524 repraesententur.

180 2527 350 2614 Obiect.5.
375 2527 445 2595 Vel
466 2523 652 2612 possibilitas
675 2525 818 2592 absoluta
843 2529 953 2596 rerum

59 2661 66 2676 s
112 2615 266 2702 pendete
281 2618 446 2680 voluntate
468 2615 568 2678 divina
587 2625 604 2693 ,'
624 2617 675 2682 vel
694 2617 841 2682 voluntas
861 2619 946 2683 dirl-

113 2697 153 2768 ne
176 2702 298 2793 pendet
317 2704 357 2766 ab
376 2703 425 2766 llla
447 2701 681 2792 possibilitate,
707 2703 820 2770 falsu'm
842 2727 947 2793 poste-

114 2793 203 2870 rius,
226 2814 301 2878 ergo
319 2813 427 2856 verum
443 2792 538 2879 ptius.
564 2791 663 2879 Resp.
688 2791 879 2857 Possibiliras
894 2797 950 2858 ab*-

114 2881 220 2946 soluta
245 2901 349 2944 terum
373 2901 436 2944 non
460 2879 581 2968 pendet
606 2903 623 2946 a
646 2881 812 2950 voluntate
834 2883 951 2962 divina,
