2298 3418
259 149 323 232 ¹84
496 177 686 226 laetatvr.
717 173 860 222 aureos.

254 244 466 342 eonscientiae
478 248 660 314 testimonio
676 243 768 310 facile
784 239 960 328 experitur.
974 235 1108 320 Quam-p

257 349 305 393 vis
330 352 435 400 autern
457 339 663 402 cartesianam
678 333 909 400 dubitationem
927 325 1108 411 reprehen·r

259 417 375 498 desim,
403 425 567 492 toleranda
592 444 695 490 tamen
722 436 857 488 nonest
884 413 1104 502 sophistarum

258 506 385 574 illorum
413 514 585 597 superbia,
614 535 695 602 quos
720 513 815 578 dere
839 507 946 594 aliqua
974 501 1108 588 dubitaa

260 617 315 674 re,
340 619 370 662 er
396 601 548 688 tantisper
570 603 730 669 haesitare
742 600 862 682 pudet,
881 613 975 668 suam
989 589 1108 662 uoloni

260 681 350 750 fateri
375 689 601 774 ignorantiam,
625 708 657 758 et
685 690 817 770 barbara
843 680 1006 768 omnique
1031 699 1108 748 sen-2

262 792 299 838 su
313 791 411 840 vacua
427 779 582 846 vocabula
603 771 777 858 iactantes,
794 777 834 843 de
856 770 954 838 rebus
976 765 1108 854 quibus-r

264 884 398 949 cumque
428 865 653 934 difficilioribus
684 869 837 934 rationem
867 857 1012 925 reddere
1047 875 1108 922 non]

264 951 419 1019 dubitant.
455 956 590 1048 Duplex
625 957 767 1046 distingui
805 948 900 1020 debet
928 944 1096 1017 dubitatio,

263 1042 325 1106 alia
343 1065 427 1130 quae
445 1041 595 1130 effectiva
615 1068 671 1112 seu
683 1047 837 1134 practica
852 1036 1015 1123 appellari
1029 1049 1108 1120 pot-r

166 1215 176 1219 -
267 1148 333 1209 est,
365 1132 424 1194 aiia
457 1156 555 1220 quarn
591 1133 829 1221 speculativam
856 1145 910 1192 seu
941 1119 1100 1188 methodi·

267 1242 339 1285 cam
359 1218 553 1288 vocabimus.
578 1223 681 1288 Prima
703 1219 857 1288 dubitatio
878 1213 1038 1300 originem
1053 1205 1101 1269 lra-

266 1307 322 1374 bet
349 1309 556 1394 utplurimum
581 1334 621 1377 ex
643 1309 838 1401 ignorantia,
863 1299 1041 1389 aliquando
1063 1311 1099 1355 ta·

269 1399 341 1500 men
363 1418 400 1460 ex
428 1399 519 1464 animi
540 1401 712 1479 caecitate,
732 1393 922 1486 pertinacia,
942 1407 1043 1476 atque
1059 1399 1108 1456 etf

267 1505 329 1548 ram
355 1507 395 1550 ex
422 1488 537 1554 malitia
563 1508 595 1556 et
620 1489 833 1577 perversitate.
858 1484 972 1548 Altera
1001 1489 1097 1572 autem

270 1572 435 1642 dubitandi
464 1579 543 1643 tatio
569 1579 705 1644 nascitur
729 1598 768 1642 ex
793 1568 962 1661 prudentia
990 1580 1023 1628 et
1051 1578 1097 1619 111·

269 1663 352 1750 genii
381 1667 563 1749 sagacitate.
596 1665 710 1754 Itaque
738 1665 815 1729 haec
842 1653 1005 1727 dubitatio
1035 1665 1096 1711 cum

269 1753 443 1838 ignorantia
472 1751 625 1819 confundi
657 1777 720 1818 non
746 1750 859 1818 debet.r
891 1747 989 1810 Hauc
1026 1734 1097 1802 enim

270 1839 497 1906 dubitationem
521 1843 703 1922 meditatio,
730 1862 767 1906 ac
781 1835 916 1926 proinde
930 1853 964 1898 et
980 1827 1022 1903 rei
1037 1872 1049 1903 ,
1064 1821 1098 1886 dt

271 1949 335 2014 qua
368 1924 558 2010 dubitatur„
588 1934 727 2018 cognitio
751 1924 923 2018 praecedit.
952 1917 1018 1996 Qui
1044 1931 1108 1980 aur

271 2032 334 2080 tem
361 2012 490 2083 'dubitat
521 2018 669 2086 credendi
706 2015 743 2086 et'
773 2007 941 2082 dubitandi
959 2002 1108 2076 ‚rationu

176 2125 177 2128 ’
273 2106 429 2184 nescient,
458 2107 481 2172 is
504 2107 629 2198 ignarus
661 2125 722 2176 eat.
