2258 3428
249 135 334 182 rans
357 131 386 178 r.
410 129 569 179 zooross.
591 131 668 180 car.
693 129 736 177 ιι.
868 109 910 204 63

66 201 199 292 minima
224 225 270 272 est
287 203 486 284 differentia,
510 202 641 270 diversit
660 197 840 268 nominibus
855 223 913 268 ac·

73 307 187 358 curate
212 293 418 384 distinguant.

119 373 180 444 111.
227 384 342 449 Plures
369 399 442 448 sunt
467 378 582 459 ideae,
610 400 691 466 quae
717 377 789 448 licet
807 379 912 450 clarae

75 487 231 554 nequeunt
247 491 357 538 tamen
370 471 487 537 insoas
501 488 609 557 partes
626 468 765 549 resolvi,
790 487 822 534 et
837 471 910 537 ideo

74 573 194 645 temper
223 581 356 628 manent
379 555 560 638 confusae,
588 556 801 648 dicunturque
826 565 911 624 tim-

63 641 196 731 plices,
226 653 341 739 quales
362 666 434 714 suot
458 647 545 714 ideae
567 647 734 726 colorum,
758 647 911 730 odorum,

65 753 220 820 saporum
261 758 324 806 cet.
363 737 451 804 Nam
485 738 627 802 colorem
659 735 790 802 rubrum
827 738 912 806 claro

64 826 276 911 agnoscimus
292 874 302 908 ,
330 843 362 894 et
378 828 418 893 ab
435 826 496 894 alio
507 847 711 914 quocumque
725 825 835 892 colore
849 828 912 892 dis·

65 915 271 1000 tinguimus,
296 916 440 1004 quamvis
453 933 555 980 tamen
572 936 646 994 tas,
668 913 785 1002 quibus
803 915 912 980 distin·

63 1001 209 1087 guitur,
240 1023 332 1071 notas
355 1005 493 1072 indicate
517 1025 580 1068 uon
604 1003 773 1092 possimus.
802 1002 912 1082 Quare

66 1090 135 1153 eius
165 1091 273 1158 ideam
296 1092 461 1162 consutam
482 1092 646 1159 dumtaxat
672 1092 849 1171 habemus,
877 1109 910 1160 et

67 1177 183 1244 eadem
211 1200 260 1248 est
283 1185 362 1250 ratio
387 1185 428 1250 de
456 1184 565 1248 ceteris
597 1181 674 1248 ideis
702 1181 908 1270 simplicibus.

112 1263 188 1337 IV.
234 1273 319 1340 Fieri
345 1290 481 1360 potest,
504 1288 541 1338 ut
566 1270 598 1336 irr
624 1292 657 1336 re
687 1271 789 1357 aliqua
816 1289 909 1340 notas

66 1373 180 1424 omnes
196 1359 390 1451 distinguere
405 1383 518 1449 eatque
533 1381 717 1427 enumerate
735 1360 908 1441 valeamus,

68 1444 123 1508 vel
154 1463 280 1515 tantum
309 1452 439 1538 aliquas.
476 1449 560 1515 Hinc
594 1447 665 1512 idea
691 1449 844 1514 dividitur
875 1447 909 1514 in

68 1533 267 1621 completam
296 1556 328 1605 et
354 1536 591 1626 incompletam.
633 1532 714 1600 Idea
746 1537 910 1624 compieta

73 1633 148 1697 est,
180 1645 264 1710 quae
289 1643 382 1694 notas
408 1649 516 1701 omnes
546 1623 677 1692 exhibet
706 1622 757 1690 ad
782 1630 911 1692 remia

75 1721 173 1772 statu
196 1710 335 1799 quolibet
350 1713 588 1805 agnoscendam
610 1729 643 1780 et
671 1715 714 1780 ab
741 1710 820 1778 aliis
841 1712 912 1780 dis·

79 1797 292 1884 tinguendam
324 1800 537 1891 sufficientes.
580 1800 781 1890 Incompleta
816 1824 910 1885 ιειο,ι

73 1903 162 1984 quae
192 1907 286 1956 notas
320 1893 457 1984 aliquas
489 1894 642 1960 continet.
675 1892 802 1959 Rursus
831 1894 909 1959 dunt

71 1971 176 2043 rdetm
199 1979 339 2070 aliquam
359 1985 540 2049 distinctam
561 1980 735 2060 habemus,
760 1999 915 2068 notarum·

69 2083 152 2148 quae
179 2066 211 2132 io
236 2071 345 2136 eadem
372 2073 441 2140 idea
469 2073 670 2138 continentur
685 2115 697 2147 ,
723 2069 774 2134 vel
804 2070 908 2135 habe-

68 2173 141 2217 mus
175 2157 320 2226 notiones
351 2162 512 2227 distinctas
545 2161 596 2225 vel
625 2155 783 2224 confusas.
825 2159 910 2226 Hino

69 2239 141 2308 idea
170 2244 322 2314 distincta
352 2251 404 2317 vel
433 2267 479 2318 est
505 2249 700 2340 adaequata
726 2246 778 2311 vel
809 2249 912 2314 irrad-

67 2351 232 2420 arquata.
261 2333 301 2403 In
329 2340 426 2425 priori
467 2340 581 2403 scilicet
610 2358 685 2402 casu
718 2333 791 2399 idea
827 2335 912 2400 dici-

68 2435 119 2484 tur
143 2425 352 2510 adaequata,
375 2431 405 2492 in
423 2427 592 2516 posteriori
617 2426 828 2514 inadaequata
847 2445 913 2488 vo-

67 2525 175 2574 catur.
197 2515 406 2604 Adaeqoatae
428 2535 501 2582 sunt
522 2539 630 2584 omnes
652 2515 716 2582 fere
737 2515 914 2602 geometri·

72 2616 185 2662 carum
199 2603 371 2691 figurarum
386 2608 533 2672 notiones
547 2629 557 2682 ;
585 2607 719 2696 singulas
735 2606 816 2670 enirn
833 2606 912 2694 figu-

67 2706 176 2751 rarum
197 2711 305 2776 partes
322 2715 471 2763 accurate
491 2698 693 2762 considerant
718 2712 913 2779 geometrae,

68 2795 130 2850 nec
165 2777 207 2842 in·
231 2781 268 2844 iis
299 2783 415 2867 aliquid
447 2784 617 2851 obscurum
645 2784 912 2864 relinquunt.·At

68 2863 288 2957 incompletae
315 2888 389 2936 sunt
421 2891 453 2942 et
479 2875 708 2964 irradaoquatae
733 2868 812 2937 aliae
840 2871 915 2954 ple·
