2326 3438
222 165 265 230 20'
393 165 396 170 '
457 157 805 226 t'usrtrvs.'1m1uos·.
846 161 879 184 “⁶
1154 205 1155 246 p

219 248 315 314 arbor
335 251 366 314 in
383 246 479 312 hotto
504 246 729 329 efflorescens,
756 251 836 314 sicut
858 263 891 316 et
906 247 1006 315 'arbor
1024 245 1058 314 in
1154 253 1155 316 l

220 339 339 404 semine
362 338 568 412 delitescens,
595 356 732 402 esteris.
763 338 958 430 Hinc'quod
979 361 1061 429 pos·

149 452 150 455 ¹
219 426 309 491 sibile
332 439 403 503 est,
433 449 490 491 ens
507 425 568 490 dici
589 444 722 514 potest;
754 428 844 512 quod
864 425 967 492 autem
990 429 1061 490 im-

218 515 368 603 possibile
391 527 462 592 est,
494 537 550 578 ens
574 535 640 578 esse
669 517 792 600 nequit.
821 513 934 602 ltaque
961 517 1062 582 notio

218 605 297 668 entis
325 605 355 666 itt
382 624 495 690 genere
527 603 721 668 existentiam
753 604 876 668 minime
904 605 1060 685 involvit,

217 693 272 756 sed
294 692 403 757 saltem
429 692 491 754 non
514 692 750 779 repugnantiam
775 691 814 754 ad
840 691 1059 774 existendum,

219 801 273 844 seu
298 781 391 864 quod
413 779 545 868 perinde
572 799 641 857 est,
670 779 826 844 existendi
846 779 1059 870 'possibilita-

218 881 293 932 tem.
324 867 396 934 Em
423 867 545 951 fictum
572 867 750 972 appellatur
783 867 838 932 id:
867 873 922 934 crii
957 872 1053 933 exis·

215 961 353 1022 tentiam
383 979 444 1021 nort
475 975 657 1107 repugnare
690 958 866 1042 ponimus,
903 963 1052 1046 quamvis·

217 1065 331 1110 revera
354 1059 523 1132 repugnet.
571 1042 656 1130 dque
673 1045 706 1106 lit
726 1067 762 1108 ex
783 1066 847 1121 eo,
880 1045 968 1127 quud
986 1066 1053 1110 non

216 1131 722 1200 advertamuscontradictionem
748 1133 777 1194 in
802 1131 913 1196 fallace
940 1151 970 1196 et
994 1133 1054 1198 de·

215 1221 355 1305 ceptrice
372 1221 501 1284 notione
515 1221 674 1284 latentem.
702 1221 862 1298 Quoniam
878 1221 959 1286 enim
971 1219 1054 1285 ima·
1154 1299 1155 1302 Ἴ

214 1309 383 1397 ginationis
409 1310 438 1370 vi
454 1308 525 1394 fingi
548 1309 714 1395 quaedam
729 1327 891 1395 possunt3
922 1309 992 1373 ideo
1015 1331 1059 1376 ea»
1154 1309 1155 1370 l

214 1397 270 1461 sibi
295 1398 428 1462 invicem
455 1397 581 1462 minime
609 1417 783 1484 repugnare
812 1396 902 1460 nobis
933 1395 1056 1461 viden-

213 1485 444 1564 t‘ttr,'ersilieri
459 1490 656 1573 nequaquam
671 1487 770 1572 possit
786 1531 795 1564 ,
811 1503 847 1550 ut
863 1503 954 1550 extra
969 1487 1054 1550 ima-

162 1647 165 1652 ,
212 1576 405 1664 ginatioitem
421 1575 565 1640 existant.
587 1573 633 1637 E:
648 1597 678 1662 g.
699 1579 815 1638 trutico
832 1575 973 1660 corporis
987 1573 1052 1636 hu-

213 1664 297 1728 mani
326 1663 483 1750 iungimus
515 1677 615 1749 caput
640 1660 791 1726 bovinum
821 1675 853 1726 et
881 1663 978 1748 pedes
1006 1685 1048 1726 e-

213 1753 345 1836 quinos.'
367 1753 474 1816 Nemo
499 1767 603 1815 tamen
636 1750 693 1814 sibi
721 1749 811 1815 facile
843 1748 1060 1836 persuadebit

213 1842 280 1904 fieri
297 1859 419 1925 posse,
446 1853 482 1902 ut
495 1837 669 1916 istiusmodi
681 1837 778 1903 homo
794 1839 920 1903 existat.
950 1838 1051 1916 Quo·

214 1929 296 1991 niam
314 1945 417 1991 tamen
434 1925 665 2011 impossibilitas
680 1926 891 1992 demonstrari
906 1946 970 1990 non
987 1948 1052 2013 po-

211 2033 292 2092 test,
308 2013 504 2096 existentiam
517 2015 694 2080 eidem-non
709 2037 887 2104 repugnare
899 2015 1050 2094 sumitur,

213 2121 310 2188 atque
325 2103 398 2166 ideo
422 2103 454 2166 in
475 2102 595 2166 eutium
612 2125 775 2168 numerum
802 2102 961 2181 refertur,
990 2103 1050 2169 sed

213 2191 366 2279 queml-d
395 2211 561 2279 perperam
582 2193 661 2271 liat,
691 2214 745 2255 ens
770 2190 1050 2280 lictum-appella-

211 2297 273 2344 tur.
305 2279 380 2346 Ens
400 2279 751 2366 imaginarium'illud
779 2287 853 2346 estr'
883 2279 972 2369 quod
993 2302 1051 2344 no·
1124 2275 1155 2310 '¹

210 2373 295 2434 tione
316 2371 516 2456 imaginaria
547 2367 731 2433 exhibetur.
763 2369 938 2434 Notionem
967 2369 1050 2432 ima·

209 2457 358 2546 ginariam
378 2479 446 2520 earn
470 2455 630 2534 dicimusj
660 2469 722 2540 qua
745 2455 789 2520 ob
813 2457 983 2542 quamdam
1008 2457 1050 2522 si·

210 2545 420 2608 militudinem
452 2543 605 2632 fingitur,
635 2546 722 2632 quod
745 2567 808 2608 nott
836 2565 909 2622 est,
941 2563 974 2610 ut
991 2566 1051 2632 pet

212 2633 374 2718 imaginem
392 2637 565 2718 quamdam
587 2633 684 2698 veluti
709 2655 854 2720 praesens
869 2632 970 2714 oculis¹
988 2635 1052 2696 sis-

209 2735 276 2784 tere
298 2723 500 2796 ‘valeatnu8,
540 2719 631 2806 quod
662 2720 692 2784 in
723 2737 776 2786 c'os
806 2743 869 2785 nun
905 2721 1052 2786 incurrit.

207 2802 258 2868 Ita
283 2806 311 2867 in
337 2809 511 2892 geometria
537 2810 636 2871 lineae
661 2825 767 2874 rectae
792 2811 880 2871 notio
901 2808 1054 2897 imagina-

109 2909 114 2926 s‘
206 2893 251 2957 tia
281 2911 356 2973 est,
383 2897 408 2959 si
440 2916 506 2958 eant
536 2895 743 2984 imaginemur
770 2912 929 2981 tamquam
961 2897 1053 2962 iilum
