2300 3506
421 289 571 340 CAN!
603 288 629 338 1.
813 283 820 298 ⁸

91 367 159 434 eit.
172 362 274 444 Quare
303 360 491 430 historicam
520 361 734 451 cognitionem
759 362 844 451 prins
871 300 936 434 ad!

126 455 220 520 uirete
235 452 335 520 debet
350 497 359 528 ,
377 454 430 540 qui
446 452 488 516 ad
508 449 759 536 philosophicam
780 453 934 542 adspirat.

98 479 183 620 duta
206 563 283 608 vero
308 539 454 608 effectum
480 540 616 627 aliquem
632 560 649 604 a
663 546 827 630 proposita
840 563 937 614 causa

99 631 230 718 produci
244 650 365 717 posse,
387 627 560 695 certissima
586 628 706 695 ratione
718 631 936 714 confirmatur,

100 719 172 785 dum
200 718 334 784 effectus
363 718 575 806 quantitatem
603 718 774 798 novimus,
801 741 934 810 eantque

98 808 220 876 uiribus
234 827 349 872 causae
361 804 633 894 proportionalem
648 828 716 874 esse
730 807 934 876 demonstra·

97 919 167 964 mus
185 920 195 973 ;
214 895 353 984 cognitio
379 893 596 960 mathematica
618 895 833 980 philosohicae
849 920 934 989 eng-

97 983 231 1066 nitionis,
255 982 474 1048 certitudinem
501 981 651 1071 complet.
680 981 763 1052 Hinc
786 1003 932 1054 mutuum

97 1075 251 1142 auxilium
284 1068 344 1134 sibi
366 1069 494 1156 praebet
519 1070 638 1159 duplex
667 1071 718 1138 illa
744 1073 932 1161 cognitionis

99 1161 228 1252 species
247 1157 469 1226 mathematica
494 1159 632 1238 scilicet,
648 1176 681 1226 et
699 1160 943 1250 philosophica.¹

166 1249 296 1333 Verum
320 1248 462 1337 quamvis
483 1269 523 1314 ex
539 1249 718 1338 cognitione
732 1249 881 1316 historica
900 1269 934 1319 et

98 1335 330 1404 mathematica
346 1335 404 1400 lux
432 1357 544 1424 magna
576 1359 816 1425 nonnumquam
838 1340 942 1407 rebus·

98 1425 331 1517 philosophicis
354 1421 514 1514 adfulgeat
530 1471 540 1504 ,
555 1426 624 1492 illae
650 1446 753 1493 tamen
769 1428 932 1516 cognitio-

98 1539 154 1583 nes
170 1519 231 1582 suis
244 1515 363 1582 debent
375 1515 513 1579 coerceri
527 1515 680 1592 terminis,
697 1537 755 1581 nec
771 1519 800 1580 in
819 1517 933 1604 philo-

99 1603 246 1693 sophiam
270 1619 402 1690 possunt
431 1602 574 1680 admitti,
596 1604 652 1666 nisi
679 1623 833 1686 quatenus
850 1627 933 1696 cog.

98 1693 211 1758 nitioni
228 1691 468 1780 philosophicae
483 1713 577 1776 opem
601 1687 716 1756 ferunt.
736 1691 845 1770 Quare
861 1693 937 1778 phi·-

100 1781 310 1863 losophotnm
332 1797 436 1866 partes
458 1801 523 1842 non
544 1777 745 1866 adimplent,
767 1781 821 1869 qui
836 1781 886 1850 vel
900 1782 933 1850 in

102 1865 235 1935 mathesi
247 1867 296 1932 vel
313 1867 342 1928 in
367 1867 491 1933 historia
506 1868 565 1932 toti
583 1885 670 1934 sunt.

147 1953 214 2022 III.
259 1955 515 2042 Philosophiam,
538 1958 664 2040 qualem
679 1955 788 2044 ,modo
812 1956 934 2038 delini·

99 2045 228 2123 vimus,
259 2067 323 2110 non
351 2045 453 2110 solum
475 2043 654 2130 possibilem
679 2066 768 2124 esse,
795 2048 850 2113 sed
875 2072 932 2114 re-

97 2157 173 2201 vera
196 2132 352 2211 existere3
383 2133 513 2220 propria
533 2155 670 2211 eornm,
689 2135 817 2220 quaein
835 2135 929 2202 nobis

99 2223 181 2288 fiunt
199 2223 424 2308 „experientia
448 2221 668 2311 cognovimus.
694 2221 821 2286 Etenim
837 2221 936 2288 dubi·

100 2329 170 2378 tare
192 2331 258 2374 non
280 2331 446 2397 possumus
463 2358 474 2390 ,
489 2312 563 2396 quin
587 2308 704 2373 homini
720 2327 794 2372 nota
819 2311 858 2376 sit
878 2335 934 2380 ra-

99 2400 171 2477 tio,
198 2419 258 2464 cut
285 2399 435 2465 nonnulla
469 2401 529 2462 sint
557 2415 588 2462 et
615 2399 715 2475 hant,
743 2397 793 2462 vel
821 2401 936 2467 saltem

97 2489 161 2554 lieri
186 2489 311 2576 possint
323 2535 335 2566 ,
360 2510 443 2574 quae
469 2484 688 2574 philosophica
709 2487 849 2573 cognitio
872 2507 932 2554 est.

98 2573 204 2662 Igitur
218 2598 257 2642 ex
288 2577 421 2663 proprio
445 2574 655 2646 conscientiae
681 2576 865 2639 testimonio
880 2599 934 2644 re·

100 2660 252 2730 feliuntut
269 2665 287 2729 ἰῐ
300 2712 311 2742 ,
340 2666 396 2751 qui
423 2663 583 2728 scientiam
610 2685 675 2728 esse
697 2680 876 2752 negarunt,
908 2665 935 2732 si

103 2751 200 2838 aliqui
218 2775 366 2840 umquam
392 2752 441 2821 de
456 2751 600 2816 omnibus
617 2751 942 2836 senodubitavertm„

101 2841 230 2910 Verum
256 2839 337 2906 hanc
357 2843 600 2926 quaestionem,
614 2858 718 2904 utrum
735 2841 837 2918 aliqua
851 2843 887 2904 sit
903 2844 936 2910 in

100 2926 229 2996 homine
242 2930 389 3004 scientia,
406 2947 486 3015 quae
501 2931 649 2994 adversus
664 2929 856 2994 academicos
870 2933 937 2994 ins-

101 3019 174 3103 titui
202 3019 320 3098 solos
348 3017 412 3094 hic.w
431 3041 491 3108 pro
522 3017 677 3166 digniqare
706 3033 841 3099 tractate
872 3035 954 3096 uon

653 3123 668 3166 a
