2270 3416
172 106 236 171 124
436 113 636 161 armant.
659 115 817 164 tureos(
882 117 892 134 ‘
928 175 934 180 ¹

130 235 131 238 ,
167 178 234 242 aim
253 181 284 248 in
297 179 418 252 'talibus
440 185 679 251 circumstantiis
697 187 753 250 sibi
767 184 984 272 repraesentet
997 201 1074 250 tarn·

169 285 264 353 quam
287 271 418 358 aliquod
433 275 569 352 malurn,
592 298 632 340 eo
652 277 743 362 quod
759 278 904 360 appetitu
919 276 1074 340 sensitivo

166 372 207 422 'et
222 353 300 426 falsa
321 364 488 447 voluptate
512 363 543 425 in
565 381 775 429 transversum
793 383 915 450 agatur.
941 393 953 426 ι

164 491 167 497 ·
195 491 200 510 ι
234 445 319 514 Inar.
351 471 380 518 r.
405 450 489 515 Hinc
515 470 724 539 sequeretur,
750 473 804 517 eos
830 452 884 536 qui
910 449 1074 516 derebus

166 551 255 605 tecte
279 535 439 616 iudicant,
463 559 548 606 recte
574 541 670 610 etiarn
691 536 939 628 ageredebere,
960 535 1075 604 falsum

163 639 389 712 consequente
418 649 493 714 ergo
513 649 544 693 et
567 629 767 694 antecedens.
790 627 888 712 Resp.
905 628 985 692 dist.
1002 630 1074 692 mai.

171 729 371 796 sequeretur,
394 737 480 782 recte
506 739 596 806 agere
620 717 757 795 debete,
781 716 892 804 quide
909 716 1072 782 rebus-re·

170 815 224 865 cte
247 802 387 868 iudicant
411 824 488 871 attat
516 825 547 871 et
570 805 815 869 iudiciorultimo
836 808 998 892 practico,
1015 806 1071 883 C.,

162 887 226 974 qui
248 889 290 958 de
318 893 411 958 rebus
440 912 526 959 recte
556 893 694 958 iudicant
721 894 835 960 habitat
868 911 992 958 tantum
1011 911 1071 957 aut

165 975 288 1044 ‘iudicio
310 982 505 1068 speculativo
519 981 662 1048 ultimum
677 977 905 1069 praecedente,
921 983 969 1046 N.
985 981 1068 1060 mai,

171 1083 204 1130 et
227 1069 271 1132 sic
288 1067 362 1134 dist.
384 1071 459 1136 min.
476 1071 520 1135 N.
533 1092 625 1135 cons·
648 1069 781 1159 ltaque,
795 1090 830 1134 ut
845 1071 1004 1156 scriptura
1020 1092 1070 1134 sa-

165 1175 226 1220 ·cra
249 1157 408 1245 loquitur:
437 1175 550 1226 errant
573 1182 695 1238 omres,
720 1164 780 1248 qui
798 1176 982 1246 operantur
995 1181 1070 1224 mae·

164 1241 261 1322 lans,
283 1263 355 1318 actu
366 1249 496 1312 scilicet
521 1267 551 1314 et
567 1249 684 1312 indicio
702 1248 817 1312 ultimo
831 1269 897 1331 quo
913 1248 1068 1313 actionem

164 1332 432 1400 :committendam
453 1335 504 1402 vel
524 1335 737 1408 omittendam,
751 1335 950 1413 decernunt3
967 1357 1069 1424 qoam·

165 1420 216 1484 nis
235 1421 343 1487 habitu
359 1442 416 1490 aut
429 1424 546 1490 iudicio
567 1427 765 1512 speculativo
781 1425 928 1488 ultimum
944 1442 1069 1489 antece·

163 1506 265 1577 dente
281 1533 374 1602 saepe
388 1535 452 1578 non
466 1529 582 1580 errent.
600 1515 663 1580 Sed·
677 1513 724 1576 vis
744 1513 908 1601 appetitus
931 1511 1069 1579 sensitiri

163 1619 279 1664 cotom
300 1603 522 1690 cogitationem
543 1603 587 1666 ita
608 1599 778 1679 obscurat,
792 1601 1069 1688 utquodiucun-

164 1685 253 1750 :duro
267 1689 298 1752 in
331 1689 410 1753 titio
439 1690 497 1754 sibi
522 1691 668 1779 lingunt,¹
689 1693 776 1775 quasi
800 1691 830 1752 in
850 1691 922 1754 luce
942 1691 1069 1756 oonsu-

167 1790 279 1854 tuant,
307 1799 346 1843 ac
371 1779 485 1844 viride
515 1799 569 1843 seu
594 1779 764 1845 clarissime
788 1777 845 1842 sibi
871 1799 1068 1864 repraesen-

170 1879 261 1941 teots
288 1866 375 1950 quod
391 1889 473 1938 reto
495 1863 570 1930 boni
586 1869 687 1933 estin
711 1867 847 1942 virtute,
871 1864 1068 1934 subobscure

170 1967 307 2033 tautum,
323 1977 388 2020 nou
399 1957 494 2032 serio,
509 1976 578 2019 non.
587 1973 706 2022 attente
725 1955 935 2020 considerent.

122 2053 124 2058 '
234 2040 417 2128 Obiter-oa„
438 2045 589 2109 Sianima
609 2065 676 2110 sese
700 2045 740 2110 ad
761 2043 941 2108 *volendum
970 2065 1067 2108 nurn-

162 2147 265 2214 qnam
283 2129 472 2198 determinat
496 2133 561 2198 sine
580 2131 709 2197 motivis
730 2130 770 2196 ab
793 2131 956 2201 intellectu
985 2156 1062 2219 pro-

165 2218 280 2306 positis
290 2267 300 2299 ,
315 2221 462 2286 volontas
478 2243 540 2285 non
558 2243 625 2286 sese
642 2221 845 2295 determinat,
863 2221 918 2286 sed
939 2223 1065 2286 omnino

164 2307 396 2375 determinatur
420 2309 459 2376 ab
481 2309 661 2386 intellectua
687 2309 797 2374 falsum
822 2331 907 2374 cons.
937 2325 1065 2398 ergoet

171 2398 236 2461 ant.
256 2398 452 2486 Resptdist.
470 2419 535 2484 seq.
560 2401 629 2462 mai.
653 2399 818 2470 Voluntas
839 2419 902 2462 non
924 2397 1067 2464 secede-

162 2487 317 2550 ·terminat
350 2488 606 2574 independenter¹
622 2485 670 2552 ab
688 2486 849 2551 intellectu
872 2533 883 2565 ,
909 2486 950 2550 C.
970 2513 989 2565 ‚⁴
1008 2489 1066 2553 de·

94 2618 99 2641 ι
173 2573 347 2660 prudenter
365 2574 404 2640 ab
431 2564 618 2653 intellectu}
640 2575 685 2640 N.
705 2575 788 2639 Nam
807 2596 905 2662 quum
922 2577 1066 2640 voluntas

102 2744 104 2747 .
173 2659 211 2722 sit
230 2657 359 2726 facultas
388 2661 507 2728 bonum
532 2661 583 2732 ab.
598 2664 756 2728 intellectu
778 2665 939 2751 cognitum
960 2685 1066 2750 appe-

165 2748 282 2826 tendi,
309 2766 341 2814 et
362 2750 476 2815 malum
505 2747 544 2813 ab
569 2751 727 2815 intellectu
744 2755 907 2838 cognitum
923 2774 1068 2817 aversan-

171 2833 224 2912 di,
240 2855 304 2907 non
329 2853 434 2921 potest
458 2838 532 2910 baec
553 2835 688 2902 facultas
709 2840 739 2904 in
756 2841 816 2902 suis
830 2840 1067 2926 operationibus

173 2940 228 2986 seu
252 2922 562 2988 determinationibus
587 2924 626 2988 ab
644 2926 807 2993 intellectu
829 2946 892 2990 non
917 2931 1068 3014 pendere.

183 3008 277 3076 ''nde
298 3009 476 3078 scholastici
495 3012 693 3090 voluntatem
714 3007 875 3105 appellant
887 3013 1069 3086 facultatem
