2326 3438
253 154 342 206 ttae
364 152 412 200 rr.
436 151 609 200 noeros!-
632 147 709 200 car.
733 151 759 200 r.
870 138 935 230 287

96 229 168 310 da,
183 237 215 296 et
233 251 275 294 eet
285 225 347 292 hac
360 229 606 314 consequentiae
619 219 832 291 deducendae
847 244 937 310 sunt,

99 335 139 387 ut
167 339 248 382 nova
270 313 491 406 phaenomena
515 311 715 400 detegantur
728 332 745 390 ‚·
768 328 801 377 et
823 315 938 404 explo-

93 405 242 475 orandun
259 449 270 484 ,
300 420 347 470 an
360 402 439 468 haee
456 425 491 468 re
504 424 582 466 vera
597 399 700 466 locum
717 401 871 469 habeant.
910 443 915 458 ‚

166 491 372 583 Hypothesls
394 489 433 556 de
452 492 579 554 annulo·
590 491 705 554 saturni
729 511 793 554 non
813 508 937 560 tanturn

93 582 286 671 *explicabat
302 580 517 668 phaenomena
532 577 592 641 iam
604 577 794 657 observata,
818 598 849 647 et
863 603 939 648 curn

100 671 237 738 minimis
252 666 491 736 circumstantiis
507 666 716 732 conveniebat
729 714 741 747 ,
771 669 826 734 sed
841 669 939 758 phae-

99 781 239 826 nomena
273 779 311 825 ex
342 755 401 822 hac
434 755 501 844 ipsa
533 753 703 844 hypothesi
736 757 875 826 deducta
905 761 938 828 in
995 751 998 762 ’

93 850 200 918 coelis
227 865 339 934 postes
362 845 447 911 fuere
470 843 665 921 observata,
693 843 742 908 ita·
760 865 795 912 ut
819 847 939 937 Huge·

100 939 173 1003 nius
201 935 402 1024 appetentias
424 931 542 1020 saturni
574 931 791 1020 praedixerit,
828 937 941 1007 harum

105 1025 300 1114 singularum
336 1025 483 1108 tempori
518 1021 794 1101 determinaverit,
822 1025 942 1112 quibus

106 1113 254 1178 omnibus
276 1130 365 1178 extra
391 1109 525 1196 dubium
554 1111 683 1196 posuit,
712 1132 794 1200 quae
817 1114 856 1181 de
883 1137 940 1180 an.

108 1203 188 1267 nolo
221 1200 297 1289 ipse.
311 1198 446 1287 primurn
473 1197 616 1265 linierat.
645 1198 675 1264 Si
704 1216 810 1266 autem
838 1225 941 1290 neque

107 1289 229 1358 auxilio
265 1288 388 1379 tegulae
418 1287 543 1354 ultimae
574 1307 720 1354 numerus
748 1288 941 1376 phaenome-

106 1401 222 1446 norum
241 1379 316 1445 satis
338 1376 444 1466 augeri
469 1376 590 1464 possit,
617 1393 653 1441 ut
678 1379 777 1442 omnis
802 1399 943 1468 scropu-

109 1469 159 1533 lus
182 1484 406 1544 removeatur3
435 1463 622 1554 hypothesis
642 1467 720 1531 inter
741 1465 861 1532 incerta
885 1485 942 1534 aut

109 1555 288 1622 verisimilia
315 1553 445 1642 relinqui
470 1551 593 1632 debet;
620 1572 717 1640 prout
738 1552 941 1640 probabilitas
969 1601 971 1606 -

109 1647 177 1714 eius
203 1645 338 1722 minor,
367 1659 423 1710 ant
450 1641 548 1706 maior
573 1657 651 1719 est3
688 1642 776 1730 quod
805 1641 845 1708 ab
868 1643 941 1730 ipsis

110 1733 333 1814 phoenomenis
371 1750 402 1798 et
435 1729 476 1796 ab
505 1729 617 1795 horum
651 1751 784 1798 numero
814 1733 942 1818 pendet.

111 1821 163 1888 Ex
190 1821 237 1886 his
263 1834 378 1907 patet,
407 1819 602 1884 ratiocinium
627 1815 876 1908 hypotheticum
902 1821 944 1888 ad

112 1909 334 1978 certitudinem
349 1908 461 1975 deduci
477 1929 590 1993 posse,
618 1925 650 1973 et
665 1909 732 1972 illos
744 1931 866 1988 errare,
890 1913 945 1998 qui

114 2021 152 2068 sa
180 1999 287 2064 omnia
312 1996 353 2062 ad
380 1997 634 2086 probabilitatem
663 1994 814 2064 referunt.
842 1999 946 2088 Magis

114 2105 225 2156 autem
247 2105 376 2166 errant,
402 2085 457 2173 qui
485 2083 681 2152 ratibcinium
704 2107 743 2150 ex
769 2086 945 2154 observatis

115 2169 341 2266 phoenomenis
368 2173 545 2240 immediate
574 2172 745 2238 deductum
771 2176 811 2240 ad
841 2174 948 2262 hypo·

117 2264 224 2330 theses
240 2259 399 2344 referunt,
424 2281 455 2330 et
470 2261 529 2352 ipsi
554 2258 808 2351 probabilitatem
825 2282 948 2329 tantum

118 2352 317 2420 concedunt.
539 2351 543 2356 ’

185 2451 247 2506 elrs
271 2438 476 2507 ratiocinandi
498 2460 556 2527 per
570 2437 767 2526 hypotheses
782 2440 950 2528 praecipue

119 2529 228 2596 locum
258 2528 381 2607 habet,
418 2527 472 2592 ubi
507 2526 713 2594 determinare
751 2529 950 2615 suscipimus,

119 2618 199 2706 quid
236 2616 375 2682 homiues
413 2615 444 2680 in
482 2632 585 2679 mente
617 2615 780 2699 habeant,
806 2636 838 2682 et
873 2619 950 2706 quid

121 2707 211 2795 ipsos
236 2709 275 2772 ad
304 2703 460 2795 agendum
488 2703 640 2791 impellat.
667 2707 760 2770 Circa
788 2707 876 2791 quod
904 2724 950 2772 ta·

122 2819 195 2862 rnen
223 2795 455 2862 observandum
475 2804 638 2870 est,.non
661 2793 724 2857 tale
748 2795 825 2881 quid
848 2816 955 2861 renta-

106 2907 160 2950 .re
192 2881 309 2970 debere
335 2883 444 2962 illum,
473 2883 529 2968 qui
551 2878 592 2966 ab
622 2879 784 2946 hominum
803 2901 900 2949 coetu
925 2901 957 2951 et
