2326 3438
255 197 338 244 snat
360 193 407 241 tv.
432 193 540 244 tosto
567 194 600 242 u.
621 191 702 242 oar.
725 193 751 240 t.
864 171 925 266 283
953 191 957 202 ·

65 266 137 334 dus
156 310 168 347 ,
202 267 286 354 quid
301 282 410 332 notum
425 195 650 343 desiderdtur,
679 282 711 332 et
725 281 791 370 quo
809 262 925 332 ordine
942 275 947 312 ²

66 355 251 422 ratiocinia
268 355 328 422 sint
348 352 515 444 dirigenda
533 398 543 431 ,
574 371 609 420 ut
624 369 839 442 quaestionem
856 351 928 418 sol-

67 465 221 524 vamus,
252 461 306 509 aut
335 443 601 520 determinemus,
628 461 798 530 quousque
822 461 929 527 pene-
944 459 965 488 λ’

70 546 162 598 trare
184 532 407 612 conceditur,
436 555 475 598 ne
497 532 638 596 inutilem
660 545 791 619 operam
807 529 949 616 impeto·

69 619 193 688 damus
212 621 374 688 tentando
391 665 402 700 ,
429 641 513 710 quae
527 622 608 686 vires
624 635 778 708 superant
791 638 926 684 nostras.

69 708 169 775 Haec
187 709 286 800 quod
301 709 341 775 ad
355 731 392 776 ea
406 755 418 788 ,
448 730 585 798 quotum
601 709 731 774 materia
746 707 847 795 probe
864 729 931 772 no·
971 759 976 766 .

71 813 108 862 ta
137 816 229 876 est,
261 796 434 865 dictasint
462 799 548 864 satis.
581 798 707 866 Verum
733 817 832 884 quum
862 817 928 861 uon

74 885 190 954 desint
217 908 268 952 res
292 887 469 976 plurimae,
496 885 673 973 quaedum
694 905 746 952 eas
769 885 930 950 examina-

74 995 111 1040 re
148 977 371 1064 suscipimus,
402 975 518 1042 nullam
548 973 692 1061 aperiunt
724 973 808 1038 viam
824 1019 836 1052 ‚
865 995 930 1060 qua

76 1061 215 1132 directe
252 1063 292 1131 ad
319 1062 541 1130 certitudinem
573 1063 734 1151 pervenire
764 1063 929 1146 possimus,

79 1171 146 1216 nec
163 1155 263 1218 etiam
279 1173 315 1218 ac
338 1153 618 1241 probabilitatem,
650 1151 707 1214 nisi
727 1147 931 1216 adhibeamus

80 1236 321 1328 hypotheses,
350 1263 432 1330 quae
448 1241 577 1332 quidem
592 1239 765 1328 aliquando
781 1240 819 1304 ad
835 1242 951 1306 talem·

83 1326 261 1395 deducunt
275 1328 533 1418 probabilitatem
550 1373 559 1407 ,
590 1351 672 1416 quae
688 1349 747 1415 pto
762 1329 933 1394 certitudi-

83 1435 126 1481 ne
141 1417 295 1486 habenda
312 1418 351 1484 sit
370 1443 379 1496 3
410 1418 577 1505 quomodo
598 1419 629 1481 in
645 1417 731 1482 hisce
751 1417 954 1504 proceden··

87 1503 166 1584 dunt
185 1509 252 1586 sit,
280 1527 364 1572 nunc
382 1507 522 1573 dicemus
540 1552 550 1583 ,
580 1503 753 1573 ne.abusus
767 1505 936 1592 hypothe-

87 1613 169 1660 seon
200 1617 261 1684 pro
284 1597 357 1682 ipso
385 1617 443 1660 usu
467 1594 630 1670 habeatur,
659 1594 809 1657 Ceterum
837 1593 936 1657 Wol-
972 1623 977 1632 ·

88 1681 149 1747 fius
179 1685 217 1748 in
247 1685 348 1772 logica
376 1681 517 1750 methodi
543 1681 627 1768 leget
650 1676 816 1746 transferre
838 1679 938 1760 docet

89 1769 132 1834 ad
169 1773 340 1838 tractanda
374 1772 498 1837 diversa
538 1769 772 1858 disciplinatum
809 1791 936 1858 genera.

89 1855 245 1940 Paucas,
274 1881 355 1949 quae
375 1857 534 1924 sufiiciunt
558 1862 679 1948 tegulas
709 1881 747 1924 ex
771 1859 833 1924 hoc
854 1878 954 1924 aue··

93 1961 198 2029 tore,
232 1967 329 2036 atque
356 1951 448 2017 etiam
475 1969 516 2014 ex
540 1946 764 2037 Sguavefaudo
792 1949 954 2034 descrip-¹

95 2035 202 2122 sisse,
228 2055 260 2104 et
283 2040 315 2103 in
340 2037 427 2103 bono
449 2038 566 2103 lumine
591 2039 768 2103 collocasse
791 2037 864 2104 satis
888 2038 955 2102 siti·
987 2075 990 2080 ·

340 2173 619 2282 nnrrcvtvs
642 2207 707 2276 111.

327 2345 386 2456 Dr
413 2412 474 2455 utu
500 2333 724 2477 hypotheseon·
790 2491 793 2496 1

106 2499 198 2633 Pet
224 2563 431 2657 hypothesim
454 2561 656 2653 intelligimus
680 2564 864 2653 figmentum
889 2557 956 2626 ali--

107 2655 197 2740 quud
212 2700 221 2733 ,
238 2677 316 2740 ,quo
332 2653 511 2742 quaestioni
527 2655 707 2738 propositae
725 2651 945 2737 respondetur.

109 2741 237 2810 Deinde
253 2745 361 2808 fictum
383 2742 461 2807 illud
479 2761 665 2826 responsum
690 2739 947 2820 tractari'debet,

110 2833 201 2919 quasi
223 2855 333 2898 verum
352 2849 434 2896 esset
450 2865 465 2908 ,·
490 2846 520 2896 et
538 2828 699 2908 ratiocinia¹
722 2830 763 2893 ita
786 2827 954 2916 dirigenda*

113 2937 184 2987 sunt
197 2966 208 3002 ,
239 2939 275 2986 ut
295 2917 426 2986 occasio
448 2917 544 2984 detur
567 2916 755 3004 explorandi
777 2938 817 2982 an
840 2921 949 3002 hypo·
