<?xml version="1.0" encoding="UTF-8"?>
<!DOCTYPE html PUBLIC "-//W3C//DTD XHTML 1.0 Transitional//EN"
    "http://www.w3.org/TR/xhtml1/DTD/xhtml1-transitional.dtd">
<html xmlns="http://www.w3.org/1999/xhtml" xml:lang="en" lang="en">
 <head>
  <title>
</title>
<meta http-equiv="Content-Type" content="text/html;charset=utf-8" />
  <meta name='ocr-system' content='tesseract 3.04.00' />
  <meta name='ocr-capabilities' content='ocr_page ocr_carea ocr_par ocr_line ocrx_word'/>
</head>
<body>
  <div class='ocr_page' id='page_1' title='image "./institutionesph00jacqgoog_0211.png"; bbox 0 0 2298 3418; ppageno 0'>
   <div class='ocr_carea' id='block_1_1' title="bbox 93 114 1010 272">
    <p class='ocr_par' dir='ltr' id='par_1_1' title="bbox 93 114 1010 272">
     <span class='ocr_line' id='line_1_1' title="bbox 93 114 965 184; baseline -0.003 -22"><span class='ocrx_word' id='word_1_1' title='bbox 93 114 100 128; x_wconf 88' lang='lat'><strong>·</strong></span> <span class='ocrx_word' id='word_1_2' title='bbox 174 117 237 184; x_wconf 84' lang='lat'>190</span> <span class='ocrx_word' id='word_1_3' title='bbox 416 115 600 162; x_wconf 76' lang='lat' dir='ltr'>rnsrrrvr.</span> <span class='ocrx_word' id='word_1_4' title='bbox 634 114 770 162; x_wconf 73' lang='lat' dir='ltr'>curros.</span> <span class='ocrx_word' id='word_1_5' title='bbox 962 177 965 182; x_wconf 25' lang='grc' dir='ltr'>Ι</span> 
     </span>
     <span class='ocr_line' id='line_1_2' title="bbox 170 184 1010 272; baseline 0.008 -24"><span class='ocrx_word' id='word_1_6' title='bbox 170 185 324 264; x_wconf 79' lang='lat' dir='ltr'>Quamvis</span> <span class='ocrx_word' id='word_1_7' title='bbox 349 202 455 250; x_wconf 76' lang='lat' dir='ltr'>aurern</span> <span class='ocrx_word' id='word_1_8' title='bbox 481 207 521 248; x_wconf 88' lang='lat' dir='ltr'>ex</span> <span class='ocrx_word' id='word_1_9' title='bbox 550 184 726 268; x_wconf 81' lang='lat' dir='ltr'>praemissis</span> <span class='ocrx_word' id='word_1_10' title='bbox 764 186 1010 272; x_wconf 76' lang='lat' dir='ltr'>particularibus</span> 
     </span>
    </p>
   </div>
   <div class='ocr_carea' id='block_1_2' title="bbox 129 270 1073 2932">
    <p class='ocr_par' dir='ltr' id='par_1_2' title="bbox 166 270 1057 1426">
     <span class='ocr_line' id='line_1_3' title="bbox 171 270 1008 364; baseline 0.006 -24"><span class='ocrx_word' id='word_1_11' title='bbox 171 273 249 340; x_wconf 80' lang='lat' dir='ltr'>nihil</span> <span class='ocrx_word' id='word_1_12' title='bbox 274 271 450 350; x_wconf 81' lang='lat' dir='ltr'>inferatur,</span> <span class='ocrx_word' id='word_1_13' title='bbox 475 294 514 336; x_wconf 85' lang='lat' dir='ltr'>ex</span> <span class='ocrx_word' id='word_1_14' title='bbox 542 270 633 336; x_wconf 85' lang='lat' dir='ltr'>meris</span> <span class='ocrx_word' id='word_1_15' title='bbox 666 276 1008 364; x_wconf 77' lang='lat' dir='ltr'>ramensingularibut</span> 
     </span>
     <span class='ocr_line' id='line_1_4' title="bbox 168 359 1010 452; baseline 0.001 -24"><span class='ocrx_word' id='word_1_16' title='bbox 168 363 289 450; x_wconf 80' lang='lat' dir='ltr'>aliquid</span> <span class='ocrx_word' id='word_1_17' title='bbox 306 378 410 448; x_wconf 82' lang='lat' dir='ltr'>potest</span> <span class='ocrx_word' id='word_1_18' title='bbox 425 359 584 423; x_wconf 90' lang='lat' dir='ltr'>concludi.</span> <span class='ocrx_word' id='word_1_19' title='bbox 600 360 685 426; x_wconf 85' lang='lat' dir='ltr'>Nam</span> <span class='ocrx_word' id='word_1_20' title='bbox 703 365 877 450; x_wconf 80' lang='lat' dir='ltr'>propositio</span> <span class='ocrx_word' id='word_1_21' title='bbox 894 365 1010 452; x_wconf 81' lang='lat' dir='ltr'>singu-</span> 
     </span>
     <span class='ocr_line' id='line_1_5' title="bbox 168 449 1008 540; baseline 0 -24"><span class='ocrx_word' id='word_1_22' title='bbox 168 453 259 528; x_wconf 82' lang='lat' dir='ltr'>laris,</span> <span class='ocrx_word' id='word_1_23' title='bbox 275 469 309 514; x_wconf 90' lang='lat' dir='ltr'>ur</span> <span class='ocrx_word' id='word_1_24' title='bbox 335 470 429 536; x_wconf 87' lang='lat' dir='ltr'>supra</span> <span class='ocrx_word' id='word_1_25' title='bbox 454 449 671 529; x_wconf 82' lang='lat' dir='ltr'>ostendimus,</span> <span class='ocrx_word' id='word_1_26' title='bbox 697 452 865 516; x_wconf 80' lang='lat' dir='ltr'>universali</span> <span class='ocrx_word' id='word_1_27' title='bbox 890 456 1008 540; x_wconf 83' lang='lat' dir='ltr'>aequi·</span> 
     </span>
     <span class='ocr_line' id='line_1_6' title="bbox 169 535 1008 630; baseline 0.008 -28"><span class='ocrx_word' id='word_1_28' title='bbox 169 540 262 604; x_wconf 78' lang='lat' dir='ltr'>valet.</span> <span class='ocrx_word' id='word_1_29' title='bbox 286 535 335 602; x_wconf 78' lang='lat' dir='ltr'>lta</span> <span class='ocrx_word' id='word_1_30' title='bbox 358 537 390 598; x_wconf 84' lang='lat' dir='ltr'>ln</span> <span class='ocrx_word' id='word_1_31' title='bbox 414 537 561 622; x_wconf 84' lang='lat' dir='ltr'>exemplo</span> <span class='ocrx_word' id='word_1_32' title='bbox 578 537 752 628; x_wconf 80' lang='lat' dir='ltr'>syllogismi</span> <span class='ocrx_word' id='word_1_33' title='bbox 765 545 895 630; x_wconf 79' lang='lat' dir='ltr'>proprii</span> <span class='ocrx_word' id='word_1_34' title='bbox 907 564 1008 630; x_wconf 83' lang='lat' dir='ltr'>supra</span> 
     </span>
     <span class='ocr_line' id='line_1_7' title="bbox 166 627 1007 716; baseline 0.004 -23"><span class='ocrx_word' id='word_1_35' title='bbox 166 629 271 694; x_wconf 75' lang='lat' dir='ltr'>ellari:</span> <span class='ocrx_word' id='word_1_36' title='bbox 303 640 418 690; x_wconf 86' lang='lat' dir='ltr'><em>auctor</em></span> <span class='ocrx_word' id='word_1_37' title='bbox 444 627 660 714; x_wconf 72' lang='lat' dir='ltr'>pentateuchi</span> <span class='ocrx_word' id='word_1_38' title='bbox 680 646 729 693; x_wconf 83' lang='lat' dir='ltr'>est</span> <span class='ocrx_word' id='word_1_39' title='bbox 751 629 926 716; x_wconf 80' lang='lat' dir='ltr'>legislator</span> <span class='ocrx_word' id='word_1_40' title='bbox 949 635 1007 696; x_wconf 81' lang='lat' dir='ltr'>iu-</span> 
     </span>
     <span class='ocr_line' id='line_1_8' title="bbox 166 713 1007 805; baseline -0.002 -21"><span class='ocrx_word' id='word_1_41' title='bbox 166 717 323 784; x_wconf 81' lang='lat' dir='ltr'>daeorum</span> <span class='ocrx_word' id='word_1_42' title='bbox 332 736 347 790; x_wconf 89' lang='lat'>,·</span> <span class='ocrx_word' id='word_1_43' title='bbox 365 714 428 780; x_wconf 83' lang='lat' dir='ltr'>sed</span> <span class='ocrx_word' id='word_1_44' title='bbox 441 713 569 805; x_wconf 82' lang='lat' dir='ltr'>Moyses</span> <span class='ocrx_word' id='word_1_45' title='bbox 586 731 635 798; x_wconf 78' lang='lat' dir='ltr'>est</span> <span class='ocrx_word' id='word_1_46' title='bbox 651 733 766 784; x_wconf 86' lang='lat' dir='ltr'><em>auctor</em></span> <span class='ocrx_word' id='word_1_47' title='bbox 777 719 1007 805; x_wconf 62' lang='lat' dir='ltr'>perctatcuchr}</span> 
     </span>
     <span class='ocr_line' id='line_1_9' title="bbox 167 802 1008 894; baseline 0.004 -23"><span class='ocrx_word' id='word_1_48' title='bbox 167 826 244 894; x_wconf 80' lang='lat' dir='ltr'>ergo</span> <span class='ocrx_word' id='word_1_49' title='bbox 261 802 393 888; x_wconf 84' lang='lat' dir='ltr'><em>Moyses</em></span> <span class='ocrx_word' id='word_1_50' title='bbox 406 821 457 869; x_wconf 85' lang='lat' dir='ltr'>est</span> <span class='ocrx_word' id='word_1_51' title='bbox 478 803 650 894; x_wconf 80' lang='lat' dir='ltr'>legislator</span> <span class='ocrx_word' id='word_1_52' title='bbox 677 806 876 872; x_wconf 78' lang='lat' dir='ltr'>iudaeorum.</span> <span class='ocrx_word' id='word_1_53' title='bbox 903 808 1008 874; x_wconf 83' lang='lat' dir='ltr'>Maior</span> 
     </span>
     <span class='ocr_line' id='line_1_10' title="bbox 167 894 1009 984; baseline 0.006 -26"><span class='ocrx_word' id='word_1_54' title='bbox 167 894 369 983; x_wconf 83' lang='lat' dir='ltr'>propositio:</span> <span class='ocrx_word' id='word_1_55' title='bbox 387 910 502 960; x_wconf 83' lang='lat' dir='ltr'><em>auctor</em></span> <span class='ocrx_word' id='word_1_56' title='bbox 520 895 743 982; x_wconf 30' lang='lat' dir='ltr'>pentateuchi(</span> <span class='ocrx_word' id='word_1_57' title='bbox 760 911 810 961; x_wconf 84' lang='lat' dir='ltr'>est</span> <span class='ocrx_word' id='word_1_58' title='bbox 834 895 1009 984; x_wconf 78' lang='lat' dir='ltr'>legislator</span> 
     </span>
     <span class='ocr_line' id='line_1_11' title="bbox 168 983 1007 1072; baseline 0 -23"><span class='ocrx_word' id='word_1_59' title='bbox 168 983 385 1060; x_wconf 80' lang='lat' dir='ltr'>iudaeorum,</span> <span class='ocrx_word' id='word_1_60' title='bbox 405 983 583 1070; x_wconf 77' lang='lat' dir='ltr'>aequivalet</span> <span class='ocrx_word' id='word_1_61' title='bbox 608 984 789 1060; x_wconf 87' lang='lat' dir='ltr'>universali,</span> <span class='ocrx_word' id='word_1_62' title='bbox 806 1004 838 1053; x_wconf 83' lang='lat' dir='ltr'>et</span> <span class='ocrx_word' id='word_1_63' title='bbox 857 1006 913 1072; x_wconf 89' lang='lat' dir='ltr'>per</span> <span class='ocrx_word' id='word_1_64' title='bbox 932 1007 1007 1049; x_wconf 83' lang='lat' dir='ltr'>mo-</span> 
     </span>
     <span class='ocr_line' id='line_1_12' title="bbox 169 1069 1008 1163; baseline 0.004 -26"><span class='ocrx_word' id='word_1_65' title='bbox 169 1071 246 1137; x_wconf 90' lang='lat' dir='ltr'>dum</span> <span class='ocrx_word' id='word_1_66' title='bbox 269 1071 451 1136; x_wconf 82' lang='lat' dir='ltr'>universalis</span> <span class='ocrx_word' id='word_1_67' title='bbox 475 1069 576 1136; x_wconf 85' lang='lat' dir='ltr'>efferri</span> <span class='ocrx_word' id='word_1_68' title='bbox 598 1091 722 1158; x_wconf 80' lang='lat' dir='ltr'>potestr</span> <span class='ocrx_word' id='word_1_69' title='bbox 743 1076 934 1163; x_wconf 81' lang='lat' dir='ltr'>quicumque</span> <span class='ocrx_word' id='word_1_70' title='bbox 955 1085 1008 1140; x_wconf 83' lang='lat' dir='ltr'>est</span> 
     </span>
     <span class='ocr_line' id='line_1_13' title="bbox 169 1158 1010 1250; baseline 0.002 -24"><span class='ocrx_word' id='word_1_71' title='bbox 169 1177 286 1227; x_wconf 82' lang='lat' dir='ltr'><em>auctor</em></span> <span class='ocrx_word' id='word_1_72' title='bbox 306 1160 536 1249; x_wconf 80' lang='lat' dir='ltr'><em>pentateuchi,</em></span> <span class='ocrx_word' id='word_1_73' title='bbox 559 1158 618 1225; x_wconf 72' lang='lat' dir='ltr'><em>itte</em></span> <span class='ocrx_word' id='word_1_74' title='bbox 640 1164 739 1227; x_wconf 81' lang='lat' dir='ltr'><em>ctiam</em></span> <span class='ocrx_word' id='word_1_75' title='bbox 761 1177 811 1226; x_wconf 80' lang='lat' dir='ltr'>est</span> <span class='ocrx_word' id='word_1_76' title='bbox 833 1158 1010 1250; x_wconf 59' lang='lat' dir='ltr'>legistator</span> 
     </span>
     <span class='ocr_line' id='line_1_14' title="bbox 168 1248 1057 1318; baseline -0.01 -2"><span class='ocrx_word' id='word_1_77' title='bbox 168 1248 372 1316; x_wconf 77' lang='lat' dir='ltr'>iudaeorum.</span> <span class='ocrx_word' id='word_1_78' title='bbox 766 1269 772 1301; x_wconf 87' lang='lat'>.·</span> <span class='ocrx_word' id='word_1_79' title='bbox 816 1281 825 1309; x_wconf 64' lang='lat' dir='ltr'>r</span> <span class='ocrx_word' id='word_1_80' title='bbox 1054 1313 1057 1318; x_wconf 59' lang='grc'><strong><em>,</em></strong></span> 
     </span>
     <span class='ocr_line' id='line_1_15' title="bbox 197 1334 1006 1426; baseline -0.005 -20"><span class='ocrx_word' id='word_1_81' title='bbox 197 1365 198 1368; x_wconf 63' lang='grc'>’</span> <span class='ocrx_word' id='word_1_82' title='bbox 215 1335 284 1406; x_wconf 88' lang='lat' dir='ltr'>VI.</span> <span class='ocrx_word' id='word_1_83' title='bbox 331 1337 361 1401; x_wconf 89' lang='lat' dir='ltr'>Si</span> <span class='ocrx_word' id='word_1_84' title='bbox 378 1334 529 1401; x_wconf 81' lang='lat' dir='ltr'>alterutra</span> <span class='ocrx_word' id='word_1_85' title='bbox 545 1336 714 1424; x_wconf 80' lang='lat' dir='ltr'>praemissa</span> <span class='ocrx_word' id='word_1_86' title='bbox 732 1337 926 1426; x_wconf 83' lang='lat' dir='ltr'>particularis</span> <span class='ocrx_word' id='word_1_87' title='bbox 943 1353 1006 1419; x_wconf 86' lang='lat' dir='ltr'>est,</span> 
     </span>
    </p>

    <p class='ocr_par' dir='ltr' id='par_1_3' title="bbox 171 1418 1007 1514">
     <span class='ocr_line' id='line_1_16' title="bbox 171 1418 1007 1514; baseline 0.002 -24"><span class='ocrx_word' id='word_1_88' title='bbox 171 1425 335 1491; x_wconf 79' lang='lat' dir='ltr'>conclusio</span> <span class='ocrx_word' id='word_1_89' title='bbox 358 1446 490 1514; x_wconf 83' lang='lat' dir='ltr'>quoque</span> <span class='ocrx_word' id='word_1_90' title='bbox 515 1425 707 1510; x_wconf 78' lang='lat' dir='ltr'>particularis</span> <span class='ocrx_word' id='word_1_91' title='bbox 721 1429 798 1504; x_wconf 86' lang='lat' dir='ltr'>erit,</span> <span class='ocrx_word' id='word_1_92' title='bbox 824 1418 870 1492; x_wconf 55' lang='lat' dir='ltr'>etx</span> <span class='ocrx_word' id='word_1_93' title='bbox 884 1443 1007 1492; x_wconf 64' lang='lat' dir='ltr'>contra.</span> 
     </span>
    </p>

    <p class='ocr_par' dir='ltr' id='par_1_4' title="bbox 169 1513 1008 1602">
     <span class='ocr_line' id='line_1_17' title="bbox 169 1513 1008 1602; baseline -0.002 -20"><span class='ocrx_word' id='word_1_94' title='bbox 169 1517 258 1582; x_wconf 81' lang='lat' dir='ltr'>Nam</span> <span class='ocrx_word' id='word_1_95' title='bbox 275 1514 298 1578; x_wconf 88' lang='lat' dir='ltr'>sl</span> <span class='ocrx_word' id='word_1_96' title='bbox 313 1535 427 1602; x_wconf 81' lang='lat' dir='ltr'>negas,</span> <span class='ocrx_word' id='word_1_97' title='bbox 445 1513 680 1579; x_wconf 86' lang='lat' dir='ltr'>conclusionem</span> <span class='ocrx_word' id='word_1_98' title='bbox 693 1537 759 1582; x_wconf 89' lang='lat' dir='ltr'>esse</span> <span class='ocrx_word' id='word_1_99' title='bbox 773 1515 1008 1602; x_wconf 71' lang='lat' dir='ltr'>particularem,</span> 
     </span>
    </p>

    <p class='ocr_par' dir='ltr' id='par_1_5' title="bbox 170 1602 1009 1778">
     <span class='ocr_line' id='line_1_18' title="bbox 170 1602 1009 1691; baseline 0.001 -22"><span class='ocrx_word' id='word_1_100' title='bbox 170 1605 225 1670; x_wconf 88' lang='lat' dir='ltr'>ubi</span> <span class='ocrx_word' id='word_1_101' title='bbox 240 1604 391 1671; x_wconf 83' lang='lat' dir='ltr'>alterutra</span> <span class='ocrx_word' id='word_1_102' title='bbox 404 1602 573 1691; x_wconf 83' lang='lat' dir='ltr'>praemissa</span> <span class='ocrx_word' id='word_1_103' title='bbox 591 1605 784 1691; x_wconf 83' lang='lat' dir='ltr'>particularis</span> <span class='ocrx_word' id='word_1_104' title='bbox 800 1623 846 1669; x_wconf 88' lang='lat' dir='ltr'>est</span> <span class='ocrx_word' id='word_1_105' title='bbox 862 1623 873 1682; x_wconf 90' lang='grc'>,·</span> <span class='ocrx_word' id='word_1_106' title='bbox 887 1627 1009 1670; x_wconf 89' lang='lat' dir='ltr'>conce-</span> 
     </span>
     <span class='ocr_line' id='line_1_19' title="bbox 170 1693 1007 1778; baseline -0.002 -18"><span class='ocrx_word' id='word_1_107' title='bbox 170 1693 311 1760; x_wconf 89' lang='lat' dir='ltr'>dendum</span> <span class='ocrx_word' id='word_1_108' title='bbox 347 1693 426 1770; x_wconf 90' lang='lat' dir='ltr'>erit,</span> <span class='ocrx_word' id='word_1_109' title='bbox 463 1713 532 1756; x_wconf 80' lang='lat' dir='ltr'>eam</span> <span class='ocrx_word' id='word_1_110' title='bbox 568 1713 634 1758; x_wconf 86' lang='lat' dir='ltr'>esse</span> <span class='ocrx_word' id='word_1_111' title='bbox 664 1714 756 1778; x_wconf 87' lang='lat' dir='ltr'>posse</span> <span class='ocrx_word' id='word_1_112' title='bbox 785 1693 1007 1770; x_wconf 67' lang='lat' dir='ltr'>universalemz</span> 
     </span>
    </p>

    <p class='ocr_par' dir='ltr' id='par_1_6' title="bbox 161 1779 1026 2314">
     <span class='ocr_line' id='line_1_20' title="bbox 171 1779 1011 1869; baseline 0 -22"><span class='ocrx_word' id='word_1_113' title='bbox 171 1779 391 1847; x_wconf 79' lang='lat' dir='ltr'>affirmandum</span> <span class='ocrx_word' id='word_1_114' title='bbox 432 1779 527 1868; x_wconf 87' lang='lat' dir='ltr'>igitur</span> <span class='ocrx_word' id='word_1_115' title='bbox 561 1781 613 1845; x_wconf 89' lang='lat' dir='ltr'>vel</span> <span class='ocrx_word' id='word_1_116' title='bbox 652 1781 830 1869; x_wconf 83' lang='lat' dir='ltr'>negandum</span> <span class='ocrx_word' id='word_1_117' title='bbox 868 1783 926 1847; x_wconf 90' lang='lat' dir='ltr'>erit</span> <span class='ocrx_word' id='word_1_118' title='bbox 969 1781 1011 1848; x_wconf 80' lang='lat' dir='ltr'>de</span> 
     </span>
     <span class='ocr_line' id='line_1_21' title="bbox 172 1867 1013 1958; baseline 0.001 -23"><span class='ocrx_word' id='word_1_119' title='bbox 172 1872 260 1935; x_wconf 89' lang='lat' dir='ltr'>omni</span> <span class='ocrx_word' id='word_1_120' title='bbox 276 1869 448 1946; x_wconf 85' lang='lat' dir='ltr'>subiecto,</span> <span class='ocrx_word' id='word_1_121' title='bbox 474 1867 563 1955; x_wconf 90' lang='lat' dir='ltr'>quod</span> <span class='ocrx_word' id='word_1_122' title='bbox 590 1868 630 1934; x_wconf 91' lang='lat' dir='ltr'>de</span> <span class='ocrx_word' id='word_1_123' title='bbox 657 1870 762 1958; x_wconf 82' lang='lat' dir='ltr'>aliquo</span> <span class='ocrx_word' id='word_1_124' title='bbox 785 1887 910 1934; x_wconf 69' lang='lat' dir='ltr'>¹rantum</span> <span class='ocrx_word' id='word_1_125' title='bbox 935 1869 1013 1936; x_wconf 88' lang='lat' dir='ltr'>sub·</span> 
     </span>
     <span class='ocr_line' id='line_1_22' title="bbox 161 1953 1026 2046; baseline 0.002 -24"><span class='ocrx_word' id='word_1_126' title='bbox 161 1957 259 2025; x_wconf 54' lang='lat' dir='ltr'>*iecto</span> <span class='ocrx_word' id='word_1_127' title='bbox 284 1953 431 2022; x_wconf 83' lang='lat' dir='ltr'>affirmari</span> <span class='ocrx_word' id='word_1_128' title='bbox 458 1956 508 2022; x_wconf 87' lang='lat' dir='ltr'>vel</span> <span class='ocrx_word' id='word_1_129' title='bbox 538 1957 643 2046; x_wconf 86' lang='lat' dir='ltr'>negari</span> <span class='ocrx_word' id='word_1_130' title='bbox 667 1977 796 2044; x_wconf 88' lang='lat' dir='ltr'>porest;</span> <span class='ocrx_word' id='word_1_131' title='bbox 822 1957 910 2043; x_wconf 92' lang='lat' dir='ltr'>quod</span> <span class='ocrx_word' id='word_1_132' title='bbox 937 1961 1026 2024; x_wconf 59' lang='lat' dir='ltr'>uni·v</span> 
     </span>
     <span class='ocr_line' id='line_1_23' title="bbox 173 2045 1014 2136; baseline 0.004 -27"><span class='ocrx_word' id='word_1_133' title='bbox 173 2045 283 2112; x_wconf 84' lang='lat' dir='ltr'>versali</span> <span class='ocrx_word' id='word_1_134' title='bbox 308 2045 566 2136; x_wconf 82' lang='lat' dir='ltr'>syllogismorum</span> <span class='ocrx_word' id='word_1_135' title='bbox 591 2049 722 2134; x_wconf 79' lang='lat' dir='ltr'>regulae</span> <span class='ocrx_word' id='word_1_136' title='bbox 742 2049 1014 2125; x_wconf 75' lang='lat' dir='ltr'>contrariumes15</span> 
     </span>
     <span class='ocr_line' id='line_1_24' title="bbox 173 2137 1023 2226; baseline 0 -28"><span class='ocrx_word' id='word_1_137' title='bbox 173 2138 267 2226; x_wconf 82' lang='lat' dir='ltr'>&#39;gitur</span> <span class='ocrx_word' id='word_1_138' title='bbox 303 2138 467 2200; x_wconf 89' lang='lat' dir='ltr'>conclusio</span> <span class='ocrx_word' id='word_1_139' title='bbox 502 2137 687 2202; x_wconf 78' lang='lat' dir='ltr'>universalis</span> <span class='ocrx_word' id='word_1_140' title='bbox 718 2157 785 2204; x_wconf 86' lang='lat' dir='ltr'>esse</span> <span class='ocrx_word' id='word_1_141' title='bbox 811 2138 944 2224; x_wconf 85' lang='lat' dir='ltr'>nequit,</span> <span class='ocrx_word' id='word_1_142' title='bbox 976 2155 1023 2202; x_wconf 69' lang='lat' dir='ltr'>act</span> 
     </span>
     <span class='ocr_line' id='line_1_25' title="bbox 172 2222 1003 2314; baseline -0.006 -25"><span class='ocrx_word' id='word_1_143' title='bbox 172 2222 308 2314; x_wconf 86' lang='lat' dir='ltr'>proinde</span> <span class='ocrx_word' id='word_1_144' title='bbox 324 2224 395 2289; x_wconf 83' lang='lat' dir='ltr'>erit</span> <span class='ocrx_word' id='word_1_145' title='bbox 424 2222 632 2310; x_wconf 80' lang='lat' dir='ltr'>particularis.</span> <span class='ocrx_word' id='word_1_146' title='bbox 1001 2245 1003 2252; x_wconf 61' lang='lat'><strong><em>¹</em></strong></span> 
     </span>
    </p>

    <p class='ocr_par' dir='ltr' id='par_1_7' title="bbox 129 2309 1073 2670">
     <span class='ocr_line' id='line_1_26' title="bbox 129 2309 1017 2401; baseline 0 -23"><span class='ocrx_word' id='word_1_147' title='bbox 129 2317 130 2326; x_wconf 74' lang='grc'>’</span> <span class='ocrx_word' id='word_1_148' title='bbox 218 2310 307 2384; x_wconf 84' lang='lat' dir='ltr'><strong>VII.</strong></span> <span class='ocrx_word' id='word_1_149' title='bbox 354 2309 392 2376; x_wconf 92' lang='lat' dir='ltr'>In</span> <span class='ocrx_word' id='word_1_150' title='bbox 425 2313 512 2378; x_wconf 89' lang='lat' dir='ltr'>nullo</span> <span class='ocrx_word' id='word_1_151' title='bbox 542 2311 730 2401; x_wconf 86' lang='lat' dir='ltr'>syllogismo</span> <span class='ocrx_word' id='word_1_152' title='bbox 755 2328 891 2398; x_wconf 82' lang='lat' dir='ltr'>utraque</span> <span class='ocrx_word' id='word_1_153' title='bbox 919 2333 1017 2398; x_wconf 83' lang='lat' dir='ltr'>prce·</span> 
     </span>
     <span class='ocr_line' id='line_1_27' title="bbox 173 2401 1017 2489; baseline 0.001 -21"><span class='ocrx_word' id='word_1_154' title='bbox 173 2402 265 2468; x_wconf 85' lang='lat' dir='ltr'>missa</span> <span class='ocrx_word' id='word_1_155' title='bbox 293 2418 402 2488; x_wconf 82' lang='lat' dir='ltr'>potest</span> <span class='ocrx_word' id='word_1_156' title='bbox 432 2423 499 2468; x_wconf 87' lang='lat' dir='ltr'>esse</span> <span class='ocrx_word' id='word_1_157' title='bbox 529 2406 684 2489; x_wconf 84' lang='lat' dir='ltr'>negativa.</span> <span class='ocrx_word' id='word_1_158' title='bbox 715 2401 800 2465; x_wconf 79' lang='lat' dir='ltr'>Nam</span> <span class='ocrx_word' id='word_1_159' title='bbox 824 2421 864 2467; x_wconf 89' lang='lat' dir='ltr'>ex</span> <span class='ocrx_word' id='word_1_160' title='bbox 890 2403 1017 2488; x_wconf 83' lang='lat' dir='ltr'>saepius</span> 
     </span>
     <span class='ocr_line' id='line_1_28' title="bbox 172 2489 1073 2579; baseline 0.001 -24"><span class='ocrx_word' id='word_1_161' title='bbox 172 2493 311 2578; x_wconf 87' lang='lat' dir='ltr'>repetito</span> <span class='ocrx_word' id='word_1_162' title='bbox 337 2489 595 2579; x_wconf 89' lang='lat' dir='ltr'>syllogismorum</span> <span class='ocrx_word' id='word_1_163' title='bbox 620 2490 793 2576; x_wconf 88' lang='lat' dir='ltr'>principi0,</span> <span class='ocrx_word' id='word_1_164' title='bbox 820 2490 940 2576; x_wconf 86' lang='lat' dir='ltr'>aliquid</span> <span class='ocrx_word' id='word_1_165' title='bbox 958 2511 1018 2556; x_wconf 87' lang='lat' dir='ltr'>ne·</span> <span class='ocrx_word' id='word_1_166' title='bbox 1069 2501 1073 2506; x_wconf 83' lang='grc'><strong>’</strong></span> 
     </span>
     <span class='ocr_line' id='line_1_29' title="bbox 173 2577 1020 2670; baseline 0.001 -27"><span class='ocrx_word' id='word_1_167' title='bbox 173 2599 267 2670; x_wconf 86' lang='lat' dir='ltr'>gatur</span> <span class='ocrx_word' id='word_1_168' title='bbox 291 2578 331 2644; x_wconf 87' lang='lat' dir='ltr'>de</span> <span class='ocrx_word' id='word_1_169' title='bbox 355 2577 522 2657; x_wconf 86' lang='lat' dir='ltr'>subiecto,</span> <span class='ocrx_word' id='word_1_170' title='bbox 546 2580 622 2666; x_wconf 86' lang='lat' dir='ltr'>quia</span> <span class='ocrx_word' id='word_1_171' title='bbox 645 2578 820 2644; x_wconf 86' lang='lat' dir='ltr'>subiectum</span> <span class='ocrx_word' id='word_1_172' title='bbox 835 2577 1020 2644; x_wconf 84' lang='lat' dir='ltr'>continetur</span> 
     </span>
    </p>

    <p class='ocr_par' dir='ltr' id='par_1_8' title="bbox 173 2666 1021 2754">
     <span class='ocr_line' id='line_1_30' title="bbox 173 2666 1021 2754; baseline 0.002 -21"><span class='ocrx_word' id='word_1_173' title='bbox 173 2668 233 2734; x_wconf 87' lang='lat' dir='ltr'>sub</span> <span class='ocrx_word' id='word_1_174' title='bbox 277 2668 384 2743; x_wconf 87' lang='lat' dir='ltr'>omni,</span> <span class='ocrx_word' id='word_1_175' title='bbox 422 2666 465 2734; x_wconf 87' lang='lat' dir='ltr'>de</span> <span class='ocrx_word' id='word_1_176' title='bbox 501 2681 566 2754; x_wconf 84' lang='lat' dir='ltr'>quo</span> <span class='ocrx_word' id='word_1_177' title='bbox 608 2667 827 2754; x_wconf 80' lang='lat' dir='ltr'>praedicatum</span> <span class='ocrx_word' id='word_1_178' title='bbox 871 2685 1021 2752; x_wconf 80' lang='lat' dir='ltr'>negatur.</span> 
     </span>
    </p>

    <p class='ocr_par' dir='ltr' id='par_1_9' title="bbox 173 2752 1020 2841">
     <span class='ocr_line' id='line_1_31' title="bbox 173 2752 1020 2841; baseline -0.002 -21"><span class='ocrx_word' id='word_1_179' title='bbox 173 2755 393 2834; x_wconf 81' lang='lat' dir='ltr'>Quamobrem</span> <span class='ocrx_word' id='word_1_180' title='bbox 410 2777 508 2841; x_wconf 90' lang='lat' dir='ltr'>quum</span> <span class='ocrx_word' id='word_1_181' title='bbox 524 2779 586 2820; x_wconf 82' lang='lat' dir='ltr'>una</span> <span class='ocrx_word' id='word_1_182' title='bbox 611 2755 851 2840; x_wconf 81' lang='lat' dir='ltr'>praemissarum</span> <span class='ocrx_word' id='word_1_183' title='bbox 875 2752 1020 2818; x_wconf 71' lang='lat' dir='ltr'>sftirma-</span> 
     </span>
    </p>

    <p class='ocr_par' dir='ltr' id='par_1_10' title="bbox 174 2842 1039 2932">
     <span class='ocr_line' id='line_1_32' title="bbox 174 2842 1039 2932; baseline -0.007 -20"><span class='ocrx_word' id='word_1_184' title='bbox 174 2867 209 2912; x_wconf 87' lang='lat' dir='ltr'>re</span> <span class='ocrx_word' id='word_1_185' title='bbox 231 2843 348 2912; x_wconf 82' lang='lat' dir='ltr'>debeat</span> <span class='ocrx_word' id='word_1_186' title='bbox 358 2883 375 2925; x_wconf 87' lang='lat'>,·</span> <span class='ocrx_word' id='word_1_187' title='bbox 395 2843 592 2927; x_wconf 80' lang='lat' dir='ltr'>subiectum,</span> <span class='ocrx_word' id='word_1_188' title='bbox 609 2843 649 2910; x_wconf 87' lang='lat' dir='ltr'>de</span> <span class='ocrx_word' id='word_1_189' title='bbox 672 2863 738 2931; x_wconf 87' lang='lat' dir='ltr'>quo</span> <span class='ocrx_word' id='word_1_190' title='bbox 760 2842 877 2930; x_wconf 82' lang='lat' dir='ltr'>aliquid</span> <span class='ocrx_word' id='word_1_191' title='bbox 893 2863 1039 2932; x_wconf 53' lang='lat' dir='ltr'>negau-</span> 
     </span>
    </p>
   </div>
   <div class='ocr_carea' id='block_1_3' title="bbox 0 0 1161 3418">
    <p class='ocr_par' dir='ltr' id='par_1_11' title="bbox 0 0 1161 3418">
     <span class='ocr_line' id='line_1_33' title="bbox 0 0 1161 3418; baseline 0 0"><span class='ocrx_word' id='word_1_192' title='bbox 0 0 1161 3418; x_wconf 95' lang='lat' dir='ltr'> </span> 
     </span>
    </p>
   </div>
  </div>
 </body>
</html>
