2300 3506
246 159 295 242 48
436 163 805 230 r'ttlsrr·rrt·.1¹'nros.
960 237 964 246 ,
1039 235 1045 242 ,

244 249 455 330 nr'J‘esrationr
481 253 658 317 obtinemus
687 258 785 320 iuxta
809 249 920 342 leges,
950 247 1059 331 qubus

243 358 300 404 rios
314 361 385 404 cum
406 339 479 404 Dio
493 344 667 430 iungimrtr.
688 340 793 430 Leges
807 347 888 406 enim
901 335 981 404 illae
993 347 1061 402 sunl

243 443 283 514 nt
293 445 488 516 praesentes
509 431 593 494 nobis
601 427 694 513 fiant
714 436 810 496 ideae
826 473 836 508 ,
851 451 930 518 qnae
949 425 1065 492 intuiti

237 531 301 604 per
311 521 523 580 attentionem
531 517 737 606 postulamus
760 517 961 608 Quapropter
968 525 1063 602 prout

242 602 308 669 eila
336 608 442 670 oratio
469 621 519 669 est
550 609 702 672 intensior
727 625 784 673 ant
814 609 994 678 remissior,
1015 605 1062 664 ita

241 697 347 757 maior
368 695 507 758 minorve
516 687 558 778 fit
571 694 797 776 manifestatio
808 695 969 768 idrarrtrn.¹
980 690 1064 754 Haec

240 777 304 846 fer'e
320 799 398 859 sunt
418 781 487 870 ipsa
507 781 601 847 verba
616 782 842 849 Malebranchii
867 779 1061 870 hypothesim

242 874 339 935 suam
357 871 544 960 exponentis
561 870 615 934 lib.
632 871 674 937 de
688 877 892 964 inquisitione
906 871 1060 946 veritatis,

141 1011 151 1024 ,
241 978 315 1048 pag.
345 979 373 1024 2.
399 981 468 1046 cap.
495 961 675 1046 praesertim
691 961 722 1025 ό.

254 1045 347 1116 ·Vl.
387 1047 529 1112 Tan'dem
542 1052 726 1114 recentiores
737 1047 865 1136 quidam
888 1042 1060 1135 philosophi

238 1133 447 1224 (leibnitium
457 1138 468 1219 l
479 1157 593 1200 novam
607 1139 687 1204 hanc
699 1159 894 1226 proposuere
906 1135 1061 1226 hypothe-

238 1227 306 1290 sim.
318 1227 409 1290 Mens
427 1225 469 1289 ab
482 1225 516 1288 iis
533 1227 658 1311 ponitur
671 1274 681 1306 ,
700 1226 815 1292 habere
830 1228 890 1290 vim
906 1247 962 1292 seu
975 1220 1060 1288 facul·

234 1331 333 1380 tatem
351 1333 421 1378 snas
453 1313 536 1378 ideas
560 1335 596 1377 ac
624 1317 865 1403 perceptiones,
891 1326 1057 1402 quascum-

235 1419 299 1491 que
317 1401 411 1473 etiam
430 1403 617 1468 sensationes
635 1405 830 1490 producendi
850 1399 971 1486 absque
993 1421 1056 1464 cor·

234 1514 334 1580 pore,
350 1493 391 1555 ita
408 1508 442 1555 ut
458 1505 557 1556 status
572 1536 581 1568 ‚
597 1493 626 1555 in
642 1513 708 1579 quo
729 1513 812 1556 mens
827 1513 857 1557 se
879 1489 975 1556 habet
992 1511 1056 1554 mo·

233 1599 342 1648 mento
365 1601 594 1668 quocumque,
609 1599 756 1666 sequatur
771 1581 859 1644 illum
875 1596 989 1645 statum
1006 1622 1014 1655 ‚
1030 1577 1055 1639 in

231 1691 297 1758 qno
313 1669 370 1733 fuit
386 1686 544 1734 momento
561 1670 781 1756 praecedenti,
798 1687 829 1734 et
854 1667 918 1731 hoc
934 1667 1054 1756 quidem

230 1759 402 1824 secundum
423 1758 639 1820 determinatas
660 1760 740 1846 leges
768 1779 840 1820 cum
872 1757 975 1821 anima
1001 1757 1054 1817 in·

230 1848 391 1933 telligente
418 1863 456 1906 ac
469 1843 564 1910 libera
591 1847 833 1910 consentientes.
860 1845 946 1908 Nam
964 1863 1054 1934 quum
1104 1905 1105 1908 ,

230 1936 334 1998 anima
348 1932 479 2018 simplex
498 1933 537 1996 sit
547 1968 558 2011 ,·
568 1933 721 2022 colligunt
735 1933 755 1997 ii
772 1932 976 2021 philosophi,
992 1931 1054 1995 nul·

230 2023 293 2088 lam
322 2043 385 2088 rem
409 2036 544 2091 creatam
561 2022 591 2086 in
619 2022 767 2088 interiora
794 2021 858 2086 eius
873 2039 1052 2108 agerepos-

230 2133 290 2188 se,
317 2127 503 2196 omnemque
532 2109 667 2198 proinde
684 2113 803 2175 animae
822 2112 1053 2174 mutationema

229 2200 386 2288 principio
403 2201 526 2286 interno
544 2199 692 2284 pendere.
709 2197 758 2264 lta
784 2219 859 2263 vero
885 2197 1055 2263 secundum

231 2289 358 2354 eosdem
388 2289 641 2374 udamquamque
656 2289 787 2351 animam
812 2289 929 2352 creavit
953 2287 1052 2359 Deus,

229 2395 265 2440 ut
285 2377 317 2441 in
344 2399 379 2443 ea
406 2393 488 2441 certa
512 2375 550 2438 sit
565 2376 670 2442 'series
702 2374 966 2478 perceptionum,
996 2394 1053 2458 ap·

228 2465 447 2555 petitionum,
472 2483 604 2548 quarum
635 2463 756 2551 aliquae
782 2463 948 2528 distinctae
970 2475 1051 2536 sunt,

229 2554 336 2640 plures
366 2547 515 2614 confusae
538 2598 549 2629 ,
579 2566 611 2616 et
634 2552 813 2617 innumerae
840 2551 1000 2637 obscurae,
1017 2557 1057 2612 ao

231 2642 415 2715 involutae,
442 2659 522 2725 quae
550 2654 654 2706 tamen
677 2640 828 2726 gradatim
853 2642 1052 2712 evolvuntur,

228 2743 260 2796 et
281 2730 384 2793 clarae
411 2746 447 2790 ac
479 2726 643 2792 distinctae
672 2729 759 2791 hunt.
783 2725 911 2813 Corpus
940 2727 1053 2792 huma·
1112 2803 1113 2812 ἵ

228 2836 304 2884 num
330 2817 359 2879 in
386 2813 497 2880 eadem
512 2813 686 2904 hypothesi
708 2831 754 2881 est
778 2816 920 2881 machina
943 2839 959 2880 a
981 2813 1052 2876 Deo
1112 2819 1113 2824 ’

229 2908 271 2974 ita
293 2921 501 2997 comparata,
528 2922 565 2975 ut
580 2925 639 2996 per
654 2924 688 2974 se
704 2922 736 2974 et
749 2907 828 2974 „sine
851 2905 916 2972 ulla
937 2900 1068 2980 animae¹
