2270 3416
166 135 229 203 ns
383 135 391 174 ’-
426 139 631 202 ἰιιιιιιιιτ
653 143 798 214 ruicoss
865 159 867 162 ·

166 224 240 290 Deo
254 223 372 290 vindict
394 243 546 312 reponere
570 224 715 314 profecto
740 242 877 314 posset,
897 247 937 294 se
962 243 1072 295 actum

166 314 252 378 illurn
278 319 341 378 non
369 313 464 380 libere
486 315 542 382 sed
558 293 732 418 nedssatip
751 335 968 421 perpetrasse.
987 315 1073 383 Illud

165 420 272 467 autem
298 405 429 467 immane
457 405 633 492 tyrannidis
657 425 695 468 ac
716 401 884 470 iniustitiae
909 407 1073 492 genusin

168 489 425 596 legislatoribus,
447 493 629 598 praesertim
644 507 720 556 vero
735 492 767 554 iu
778 494 922 579 optimo,
941 494 1074 596 aequis-

167 578 272 654 simo,
311 581 522 643 amantissimo
557 579 844 668 sapientissimeque
885 579 993 645 Deo
1011 582 1074 647 sine

167 687 291 730 summo
320 668 437 733 scelere
462 669 534 756 fingi
561 689 625 732 non
655 683 774 770 potest.
801 669 852 731 Ειι
880 668 975 732 hac
965 670 1072 735 antima

47 791 50 798 ·
124 761 129 772 ¹
167 754 320 820 libertatis
347 759 550 840 persuasione
572 757 677 820 oritur
701 755 733 818 in
756 755 845 820 nobis
865 759 1072 837 conscientia,

165 865 229 930 qua
256 857 371 930 nempe
400 843 609 910 admonentur
628 841 770 908 debono
784 845 835 910 vel
850 844 935 908 ntalo
957 868 1072 950 opere.

168 933 200 996 si
222 931 292 1018 quis
317 951 356 996 ex
385 931 491 1018 lapide
515 952 605 998 casu
619 929 754 997 fortuitu
780 931 988 998 decidente·
979 954 1071 999 sctum

174 1021 354 1107 exceperit,
378 1016 462 1084 hunc
490 1019 582 1085 sibi
575 1037 674 1084 tctttnt
698 1041 762 1086 non
790 1019 944 1108 imputat.
986 1023 1070 1087 At'
1048 1043 1069 1086 st

170 1107 266 1174 alium
292 1107 462 1211 quemlibet
479 1128 591 1174 actum
610 1111 678 1196 ipse
703 1109 831 1196 elegerit
852 1129 931 1174 suae
945 1108 1071 1176 electio

167 1197 216 1260 nis
246 1196 413 1272 conscius3
437 1199 488 1262 vel
512 1197 568 1262 sibi
594 1196 788 1284 gratulatur,
804 1194 855 1261 vel
877 1197 1072 1282 poenitentia

169 1307 206 1350 ac
236 1285 347 1349 dolote
375 1288 554 1362 cruciator,
581 1297 678 1373 prout
702 1303 792 1350 actus
818 1283 996 1351 bonusest
1018 1305 1073 1352 aut

169 1375 282 1438 malus
306 1373 470 1439 Praeterea
498 1334 582 1437 nulla
610 1371 697 1437 foret
719 1371 827 1438 virtuti
849 1371 942 1451 laus,
953 1375 1070 1439 nullum

169 1462 247 1526 uitio
276 1461 435 1539 dedecus,
458 1461 565 1526 demta
590 1461 751 1527 libertates
767 1463 797 1527 si
827 1421 1074 1528 ειιιιιιιοιιιιιιιι

171 1550 388 1616 adnitentem
415 1569 469 1614 aot
496 1550 605 1613 vitium
631 1565 783 1636 cogatur,
811 1548 872 1612 iam
899 1550 934 1613 in
953 1550 1073 1616 virtutis

168 1657 224 1704 aut
246 1639 313 1701 vitii
340 1640 507 1702 exercitio
503 1639 598 1704 nulla·
616 1639 772 1700 voluntati
799 1658 873 1724 pars
886 1633 1073 1719 tribuenda

170 1741 228 1792 est.
244 1727 438 1811 Aoptoinde
459 1728 524 1789 l'a'us
550 1725 654 1801 nulla,
675 1725 865 1810 vituperatio
886 1727 1073 1807 nulla,non

169 1833 259 1880 secus
289 1835 325 1878 ac
355 1813 564 1878 dementibus
559 1831 633 1878 et
626 1773 807 1877 furibundis
829 1811 1020 1881 hominibus
1039 1819 1075 1880 li-

169 1902 293 1969 bertate
330 1895 536 1982 carentibus,
567 1899 644 1966 ιιὶιιιι
672 1919 781 2010 posset
813 1899 887 1966 mali
917 1905 972 1969 vel
1003 1904 1073 1972 bosi

172 1989 334 2080 imputati.
542 2013 546 2022 ·

289 2163 520 2234 SOLVVNT
522 2163 596 2230 VR
603 2151 949 2232 OBIECTIONES.

237 2343 364 2412 osseca.
398 2367 425 2411 ι.
468 2292 599 2408 Animae
632 2331 787 2406 libertus
791 2359 852 2406 nec
880 2341 1077 2426 experientis

171 2435 367 2500 uectatione
392 2432 519 2518 probari
546 2447 673 2516 potest3
692 2451 766 2516 ergo
786 2429 816 2492 in
832 2431 892 2493 suis
908 2428 1078 2495 volitionr-

172 2523 232 2588 bus
254 2541 285 2588 et
312 2521 528 2586 nolitionibus
536 2519 630 2584 libera
652 2539 722 2582 non
745 2534 803 2582 est
831 2517 930 2582 Prob.
949 2539 982 2583 t.
1004 2539 1077 2606 pars

172 2611 317 2676 anteced.
348 2609 487 2674 Libertas
512 2610 632 2672 animae
653 2627 708 2694 per
721 2623 946 2694 experientiam
973 2605 1078 2672 dedu-

173 2699 255 2762 citur
281 2721 321 2762 ex
342 2719 433 2763 sensu
457 2698 585 2775 intimo,
610 2715 674 2781 qno
700 2695 921 2781 unusquisque
940 2715 1017 2761 suae
1038 2695 1079 2758 li-

173 2786 304 2852 bettatis
325 2786 395 2848 sibi
405 2785 552 2850 conscius
579 2799 643 2858 est
666 2783 742 2848 dum
758 2785 841 2870 agit,
857 2781 912 2848 sed
931 2784 1044 2848 nulla
1035 2805 1080 2849 ιιι·

173 2875 212 2939 de
240 2873 391 2938 libertatis
416 2874 566 2960 probatio
587 2871 691 2959 colligi
709 2887 839 2956 potest.¹
836 2870 889 2932 Ει
904 2870 1078 2958 quidemst

172 2963 281 3026 intimo
309 2979 401 3024 sensu
425 2961 641 3052 unusquisque
665 2959 808 3022 conscius
825 2957 881 3022 sibi
897 2978 985 3024 esset
1002 2979 1078 3026 suae

173 3045 346 3127 libertatis,
371 3067 463 3112 nemo
490 3069 601 3116 eomtn
631 3048 687 3135 qui
714 3047 832 3113 adhoc
856 3049 1077 3116 conscientiae
