2298 3418
321 71 408 118 ΝΜ
425 71 460 124 11
484 70 652 134 nautam
670 73 747 124 QAP·
764 73 791 121 1.
953 79 996 153 ι’

6 169 18 214 t·
108 163 218 234 qnam
228 161 289 214 nos
301 139 453 230 consequi
466 162 530 206 uon
547 163 717 228 possumus
731 187 745 226 ,
760 143 823 211 niti
840 143 1004 222 raltcmea

3 265 17 305 Ε
111 250 193 324 pars
207 230 329 310 nostri,
343 251 424 316 quae
435 227 596 318 inteiligit,
608 229 689 308 vnit,
705 234 824 314 sentit,
840 253 1004 312 aeteruum

4 353 15 394 ‚·
120 321 235 398 uiuat,
263 319 404 408 ideoque
425 318 481 384 uisi
502 339 588 384 nuens
613 339 724 386 nostra
749 320 785 386 sit
804 323 1005 396 immortalis.

2 532 8 571 i

118 407 208 474 Haec
224 427 331 482 nostra
348 407 547 479 ratiocinatio
564 407 764 489 deruosttat,
787 407 892 478 Deum
909 413 1003 494 boni·

119 497 179 564 tati
196 519 270 564 suae
284 497 508 566 convenienter
523 516 586 560 noo
600 513 758 576 actutum,
772 499 796 564 si
811 502 929 568 nuliam
946 504 1003 580 ho·

115 585 252 652 minibus
266 601 428 653 aeternam
443 581 670 652 beatitudinem
682 588 886 672 concederet,
894 613 1003 679 quasu-

118 677 168 739 vis
186 675 327 762 alioquin
342 671 487 740 omnibus
502 671 593 740 huius
605 675 690 740 vitae
702 675 794 742 bouis
809 675 1003 753 fruerentur.

118 765 169 838 At
182 764 285 828 multo
306 762 431 828 maioris
447 761 505 828 erit
527 763 680 850 ponderis
696 780 764 830 tota
790 770 1003 856 ratiocinatio,

120 853 253 942 siquod
269 872 316 918 res
333 853 340 914 i
366 871 399 916 sa
421 866 489 928 est,
503 849 790 920 animadvertamus
812 883 821 920 r
849 862 1006 932 neminem

118 940 174 1012 his
187 939 334 1006 omnibus
343 873 433 1006 bonis
446 937 505 1006 frui
517 961 582 1006 nou
595 941 697 1006 solum
710 961 848 1030 propter
860 939 1004 1037 corporis

121 1027 340 1095 infirmitatem
349 1030 489 1115 aliosque
501 1028 698 1098 inevitabiles
710 1050 814 1108 casus,
828 1036 883 1100 scd
892 1039 1008 1122 postit-

125 1120 244 1182 simum
259 1135 389 1208 propter
401 1117 551 1184 violatam
566 1118 688 1207 legem,
703 1139 799 1208 quam
811 1121 1007 1216 natuta'ipsa

128 1225 164 1274 et
188 1205 320 1272 hominis
335 1206 523 1272 constitutio
540 1227 598 1278 nos
615 1207 744 1274 docent.
766 1208 892 1279 Etenim
908 1235 1007 1300 quum

124 1293 347 1370 hominesheic
362 1295 525 1361 interrita
540 1294 614 1362 Deo
629 1296 779 1362 collocati
795 1318 859 1368 sese
874 1301 1008 1376 invicem

121 1385 275 1452 adiuvare
289 1383 427 1452 debeant
441 1428 450 1462 ‚
465 1404 505 1450 eo
520 1385 697 1451 miseriores
712 1405 804 1464 sunt,
828 1410 892 1474 quo
904 1391 1007 1466 minor

125 1473 190 1540 sibi
206 1492 352 1539 mutuum
367 1473 518 1538 auxilium
533 1471 688 1560 praebent
702 1493 712 1552 ς
729 1493 795 1562 quo
811 1478 945 1564 amplius
959 1503 1011 1550 au.

124 1580 192 1630 tem
206 1606 217 1641 ,
244 1585 292 1628 eo·
306 1561 472 1628 feliciores.
490 1562 535 1625 At
549 1561 941 1649 quotidiana'errpetientia
955 1587 1013 1641 no·

125 1669 278 1729 tumeat,
295 1651 465 1739 plerosque
477 1647 617 1716 homiues
631 1648 810 1716 adfectibus
822 1651 1013 1725 obcaecatur

127 1739 190 1806 sibi
216 1741 377 1819 invicem,
402 1759 497 1826 quarn
521 1741 655 1807 maxime
693 1757 854 1828 possunt,
880 1765 1010 1816 nocere.

131 1827 236 1900 Vnde
261 1827 433 1918 aliquando
451 1823 660 1894 infelicissima
685 1829 718 1895 fit
746 1827 833 1896 haec‘
849 1833 938 1913 vita,
965 1851 1015 1917 at-

128 1939 197 2005 ,que
211 1939 277 1982 non
293 1939 363 1984 raro
385 1915 567 2004 contingit,
590 1935 625 1981 ut
640 1918 703 2005 qui
717 1921 851 1986 maxime
872 1925 1014 1994 omniunt

129 2007 260 2074 divinae
281 2005 442 2073 voluntati
466 2006 691 2074 convenienter
709 2007 848 2090 vivunt,
870 2006 1017 2100 aliosque

128 2095 276 2176 homines
302 2095 462 2162 beneficiis
488 2094 589 2162 amice
614 2096 750 2176 iuvant,
775 2099 794 2162 ii
810 2097 939 2166 demum
955 2105 1019 2172 siut

130 2185 316 2254 mortalium
332 2181 543 2252 infelicissimi.
616 2231 618 2236 -
692 2223 698 2250 ,ι
996 2185 1014 2271 ss¹

127 2327 131 2338 ,
164 2353 165 2358 ¹
205 2273 280 2343 Hoc
298 2276 426 2364 posito,
443 2267 679 2360 quaesendum,
695 2286 788 2337 anax
805 2269 852 2336 his
863 2273 1021 2357 ,quaeda

132 2361 209 2430 Deo
227 2365 385 2442 novimus,
397 2361 557 2452 possimus
575 2359 745 2434 conficere,
758 2359 869 2426 Deum
882 2363 1022 2451 aliquan·

135 2453 183 2518 do
202 2453 329 2519 tandem
349 2473 460 2518 eorum
476 2447 661 2516 habiturum
684 2469 753 2516 esse
771 2447 948 2529 rationem,
966 2455 1028 2542 qui

135 2541 239 2628 legem
259 2559 391 2610 naturae
417 2541 575 2606 humanae
599 2537 639 2602 ab
665 2536 740 2690 {pso
762 2537 835 2604 Deo
860 2541 1023 2612 conditam

136 2628 332 2712 observant,
347 2649 378 2698 ct
396 2647 501 2696 tamen
518 2631 613 2693 vitam
631 2626 661 2690 in
680 2627 797 2700 ericen
817 2626 1025 2718 degunt.‚,‘Et

136 2736 228 2785 certe
242 2722 297 2807 qui
313 2718 411 2786 vitam
423 2716 604 2784 hominibus
626 2713 716 2782 dedit
738 2761 750 2792 ,
774 2736 842 2782 non
859 2721 960 2787 utrriitr
972 2719 1025 2792 fre·

130 2825 227 2874 areret
239 2809 347 2884 maie,
375 2829 494 2898 eosque
505 2808 547 2872 ita
563 2804 760 2872 constitutos
772 2827 839 2891 esse
852 2809 1036 2884 uoluit-,nrt-

137 2884 256 2962 ¹tuntuo
273 2895 393 2974 autllio
408 2894 597 2983 indigerent
611 2916 621 2970 3
645 2891 729 2959 ide'ut
749 2897 813 2964 sine
825 2892 928 2963 dubio
943 2895 1026 2978 vult,

133 3003 180 3051 ut
193 3005 261 3052 sese
284 2984 460 3065 adiuvent,
483 2985 624 3072 ideoque
648 3001 761 3132 egium
778 2979 893 3070 probat
915 2979 1026 3063 vitam,

708 3087 725 3134 2
853 3089 855 3103 .
