2270 3416
317 129 403 182 rats
422 133 456 182 rt
478 131 636 180 unsrun.
662 131 737 180 oar».
754 128 797 178 ιι.
933 129 998 200 top

74 207 203 270 auten
224 207 349 291 spectat
379 205 419 268 ad
442 224 532 268 actus
563 203 844 288 supernaturales,
860 195 901 264 ad
917 219 1000 283 quor

77 293 320 378 producendos
349 294 500 358 auxilium
529 291 769 377 supernaturale
785 286 999 358 necessarium

79 398 166 458 est,
193 383 300 467 quales
323 398 398 446 sunt
422 399 511 445 actus
538 380 694 460 caritatis,
720 377 790 446 lidei
811 373 997 443 cendebia

80 468 215 538 amilius
241 473 386 556 quaestio
411 470 452 536 ad
481 469 675 557 theologiam
702 467 850 554 pertinet.

131 551 206 622 111:
248 559 475 626 Conscientiae
496 559 677 624 testimonio
700 561 815 642 cuique
842 574 998 642 comper·

79 661 157 709 tum
182 663 257 724 est,
285 669 320 714 se
346 647 483 716 naturali
512 665 543 714 et
575 645 751 714 necessario
776 646 918 734 pondere
942 643 997 706 in-

82 733 200 799 clinari
223 737 264 802 ad
298 739 466 802 amandum
495 735 615 801 bonum
651 738 680 800 in
719 757 834 824 genere
864 753 919 800 seu
944 729 997 800 fe-

12 825 13 830 ’
83 821 271 900 licitatum,
303 842 336 892 et
362 823 592 892 indeliberata}
627 827 769 890 motibus
804 846 859 892 seu
889 826 998 912 'primo

80 914 211 999 primis
242 911 313 980 ferri
338 915 378 980 ad
404 935 625 1002 quaecumque
658 911 782 979 obiecta
817 913 998 1000 singularia,

10 999 13 1084 J
86 1019 177 1082 quae
198 1000 433 1089 praeseferunt
466 1001 604 1088 aliquam
636 999 812 1068 bonitatem
842 1019 874 1068 et
909 999 998 1073 velut

10 1093 12 1104 ’
87 1087 260 1176 imaginem
305 1094 473 1178 quamdam
509 1091 721 1158 beatitudinis.
770 1089 856 1156 Talis
902 1088 999 1162 indi-1

9 1211 12 1256 :
88 1177 182 1242 nario
206 1196 240 1244 et
264 1181 409 1267 impulsio
432 1182 605 1248 necessaria
638 1198 686 1246 est
717 1201 788 1248 vera
818 1180 998 1267 praemotio

9 1271 13 1344 J
87 1263 253 1354 physica,
281 1291 345 1357 qua
373 1269 465 1336 Deus
490 1270 621 1355 impellit
654 1267 860 1334 voluntatem.
888 1265 998 1344 Quum

8 1357 12 1436 ᾗ
89 1357 176 1420 enim
200 1357 350 1423 uoluntas
370 1357 482 1426 'creata
505 1357 681 1428 huiusmodi
694 1358 926 1424 inclinationem
941 1378 999 1424 na·

7 1454 12 1526 f
90 1443 228 1510 ruralem
243 1449 283 1510 iu·
296 1467 329 1513 se
350 1447 417 1535 ipsa
436 1449 571 1527 sentiat,
602 1467 660 1512 nec
684 1469 751 1514 eam
778 1467 840 1532 pto
863 1443 1021 1512 arbitrio.

7 1535 12 1620 ᾗ
88 1533 276 1620 producat,
300 1557 431 1602 necesse
445 1556 493 1602 est
508 1579 517 1613 ,
531 1555 567 1602 ut
590 1533 670 1600 hanc
689 1535 748 1620 ipsi
765 1533 853 1602 Deus
869 1536 999 1620 impres.

6 1635 11 1708 J
89 1622 190 1700 serit,
208 1626 430 1713 continuoque
446 1643 625 1692 conserver.
643 1623 681 1688 lu
697 1622 756 1688 hac
778 1623 998 1707 praemotione

6 1715 9 1800 J
89 1708 226 1798 physica
241 1713 374 1778 naturali
386 1759 396 1792 ,
408 1735 491 1798 quae
504 1735 568 1778 non
584 1711 720 1778 differta
736 1711 899 1776 voluntate
913 1709 998 1800 ipsa,

6 1813 8 1820 '
92 1795 254 1879 utibilest,
281 1803 372 1893 quod
386 1803 548 1870 minimum
565 1799 680 1872 officiat
696 1801 849 1872 humanae
865 1798 999 1870 liberta·

6 1901 7 1914 ¹
96 1885 133 1949 ri.
162 1889 440 1966 Quemadmodum
464 1894 545 1958 enim
574 1893 720 1958 voluntas
758 1889 935 1958 necessario
964 1907 998 1962 er

6 1969 8 2006 ³
95 1977 233 2043 motibus
257 1981 467 2048 indeliberatis
492 1979 591 2046 fertur
607 1981 647 2046 ad
668 2000 888 2067 quaecumque
901 1976 997 2044 ubie-

93 2080 146 2130 cta
170 2067 358 2154 singularia,
384 2091 467 2154 quae
487 2070 545 2156 ipsi
563 2067 750 2136 exhibentur
774 2085 810 2134 ut
822 2067 908 2134 bona
925 2091 935 2148 3
953 2070 997 2142 ita

93 2170 198 2242 potest
222 2157 257 2219 iis
279 2157 418 2222 moribus
435 2158 645 2234 indeliberatis
662 2160 739 2224 dare
762 2157 813 2224 uei
841 2158 998 2246 denegare

94 2263 279 2310 consensum
298 2291 307 2324 ‚
336 2264 368 2313 et
383 2268 421 2311 ex
446 2246 574 2312 duobus
591 2246 680 2312 bonis
698 2246 908 2333 singularibus
925 2269 997 2331 pto-
1058 2287 1061 2296 ·

94 2332 205 2420 positis
220 2333 282 2399 hoc
302 2335 351 2401 vel
365 2337 442 2402 illud
459 2338 598 2426 eligere,
613 2338 667 2419 qui
691 2336 820 2422 quidem
836 2335 996 2422 posterior

97 2436 184 2486 actus
208 2421 284 2489 liber
312 2443 371 2490 est.
397 2424 455 2490 His
474 2424 650 2512 praemissis
666 2468 677 2503 ‚
694 2445 838 2512 praesens
853 2427 995 2510 quaestio

97 2524 165 2578 tora
184 2508 215 2574 in
237 2534 275 2576 eo
296 2533 467 2592 versatur,
488 2537 527 2578 an
545 2513 634 2579 Deus
658 2511 791 2602 physice
816 2513 995 2600 specialiter

94 2600 355 2685 praedeterminet
369 2602 565 2670 uoluntatem
585 2620 719 2670 creatam
744 2603 784 2668 ad
804 2621 893 2668 actus
915 2603 996 2670 libe-r

96 2707 146 2754 tos
167 2691 324 2756 naturales
338 2738 349 2769 ,
364 2713 418 2778 per
436 2713 517 2778 quos
534 2691 679 2758 uoluntas
693 2692 778 2777 eligit
807 2690 867 2756 hoe
884 2695 936 2758 uel
958 2696 995 2781 il-

96 2775 151 2842 lud
164 2775 285 2844 bonum
294 2825 305 2855 ,
318 2802 374 2867 per
390 2803 469 2866 quos
484 2783 639 2846 consentit
658 2781 706 2844 vel
721 2781 864 2848 dissentit
878 2783 994 2867 impul·
1026 2831 1029 2838 a

97 2864 233 2936 sionibus
259 2867 300 2932 ad
328 2867 605 2958 bonum-aliquod
629 2867 795 2955 singulare.
819 2871 879 2936 Sed
895 2892 998 2956 quum*

81 2951 169 3020 *haec
198 2957 329 3042 materia
363 2957 595 3024 abstrusissima
631 2957 698 3022 sola
733 2961 854 3024 ratione
880 2959 993 3025 discu-

96 3041 185 3116 tiaou
197 3048 319 3134 possit,
336 3048 504 3139 utriusque
518 3047 693 3122 sententiae
706 3047 880 3136 praecipua
891 3067 991 3134 argu·
