2270 3416
167 67 228 136 1⁶2
448 85 635 132 rusrtrva.
658 85 791 139 sttruos.
839 145 842 154 q

164 157 276 226 obrem
289 175 389 244 quum
403 153 563 242 possibilia
579 155 671 222 etiam
687 155 718 220 in
735 177 767 221 se
783 169 930 242 spectata
946 175 1075 242 reprae·

164 263 329 314 tententur
344 249 375 311 in
391 245 553 312 intellectu
566 241 696 320 divino,
710 241 882 330 etquidem
895 261 1073 330 perpetuo,

164 335 315 402 essentiae
333 354 435 398 rerum
459 348 618 420 perpetuo
640 327 726 396 fuere
743 329 774 394 in
789 332 958 398 intellectu
984 332 1074 396 divi-

164 445 230 500 no,
253 443 428 508 earumque
447 420 613 488 aeternitas
636 442 654 485 a
677 421 749 484 Deo
767 438 827 486 est.
852 419 939 487 Hinc
959 421 1072 484 clarius

165 527 282 600 patet,
308 511 398 598 quod
424 511 454 574 in
481 505 645 598 ontologia
670 509 890 586 ostendimus,
922 510 1069 574 nimirum

165 601 313 666 essentias
339 619 443 662 rerum
467 619 532 664 esse
557 599 768 674 necessarias,
796 597 1013 664 immutabiles
1038 616 1069 663 et

165 705 332 764 aeternas,
369 682 629 774 intellectumque
662 685 805 752 divinum
841 707 912 752 esse
946 683 1068 752 fontem

165 776 267 842 omnis
291 767 506 864 possibilitatis
530 771 736 854 intrinsecae·¹

164 927 406 1000 Iurnrracevs
426 931 572 998 ‘orvtuvs
598 951 658 998 ase
684 949 943 1012 rrarnurnrvs,
975 949 1062 1010 turm

217 1053 344 1124 urens,
366 1021 556 1113 ruueusvs',
580 1055 671 1102 oraru
686 1049 927 1102 turetrncavr
943 1053 1064 1100 mutue

217 1153 601 1204 rncouaueramrsmrtrs.

210 1289 280 1365 IV.
326 1289 423 1376 Prdr.
452 1289 638 1362 Intellectus
673 1295 754 1360 enim
782 1285 909 1360 limitari
939 1297 1062 1384 nequir,

166 1379 362 1473 nisi'.quoad
394 1381 556 1450 obiectum
583 1402 615 1449 et
651 1383 779 1448 modum
803 1385 1065 1470 repraesentandi

167 1473 341 1540 obiectum.
374 1469 593 1550 Quamobrem
623 1487 722 1556 quum
748 1471 930 1537 intellectus
972 1475 1064 1540 divini

146 1574 149 1580 '
168 1561 329 1646 obiectum
345 1563 384 1626 sit
398 1561 555 1650 quidquid
568 1576 615 1626 est
630 1557 799 1648 possibile,
814 1561 995 1650 il‘limitatus
1010 1581 1065 1642 est,

166 1653 275 1738 quoad
305 1645 489 1728 obiectum,
509 1648 534 1713 si
556 1649 597 1714 ad
626 1647 882 1735 omne'possibile
905 1649 1063 1716 extenda-

168 1733 439 1805 tut.‘lllinritatus
466 1736 561 1804 etiam
595 1752 675 1814 est,
706 1735 815 1822 quoad
844 1737 982 1802 modum
1016 1759 1064 1805 re-

167 1826 411 1916 praesentandi,
434 1827 458 1890 si
479 1825 584 1890 omnia
603 1823 761 1914 possibilia
778 1819 871 1890 simul
884 1842 918 1890 et
934 1824 1066 1892 distinc-

139 1991 142 2002 ι
167 1915 287 1982 tissime
313 1931 536 2001 repraesentet.
562 1913 722 1994 Quoniam
750 1916 856 2000 itaque
887 1915 1064 1981 intellectus

161 1997 292 2068 ‚divinus
324 2005 354 2068 in
384 1999 611 2068 distinctissime
644 2021 675 2068 et
709 2001 889 2068 simultanea
925 2008 1066 2069 omnium

168 2089 366 2178 possibilium
384 2083 667 2168 repraesentatione
686 2085 847 2168 consistit,
869 2109 1002 2175 prorsus
1024 2091 1065 2155 il·

168 2177 319 2244 limitatus
336 2197 392 2244 est.
410 2174 467 2245 Est
482 2198 610 2266 quoque
634 2177 790 2252 infinitus,
814 2196 973 2264 quatenus
996 2179 1066 2244 nihil

169 2286 217 2334 est
237 2265 472 2357 cognoscibile,
493 2265 583 2356 quod
602 2284 667 2332 non
688 2285 760 2330 actu
783 2263 814 2330 in
836 2264 1007 2334 intellectu
1023 2269 1065 2333 di-

169 2355 244 2421 vino
265 2373 540 2443 repraesentetur,
564 2374 599 2420 ac
621 2353 756 2447 proinde
780 2356 885 2420 onmia
909 2371 941 2419 et
962 2357 1067 2422 insunt

169 2463 273 2524 artu,
296 2467 377 2532 quae
400 2444 497 2512 inesse
521 2461 666 2531 possunt.
690 2441 748 2508 Est
770 2441 872 2508 etiam'
886 2441 1067 2522 immensus,

169 2533 245 2620 quia
276 2533 339 2598 fieri
371 2553 434 2596 non
464 2531 599 2620 potest,
626 2533 662 2608 u‘t
697 2529 874 2598 intellectus
904 2531 1068 2612 limitatus,

170 2619 290 2686 etiamsi
304 2623 420 2708 pluries
435 2637 607 2704 utcumque
625 2638 781 2696 sumatur,
806 2616 858 2684 liat
882 2617 1068 2701 illimitatus,

170 2727 223 2772 seu
240 2730 298 2791 pro
316 2731 457 2774 mensura
474 2706 618 2773 illimitati
635 2707 812 2774 intellectus
827 2703 971 2774 adhiberi
990 2729 1069 2796 pos-

169 2795 221 2859 sit.
240 2794 355 2883 ltaque
372 2796 550 2862 intellectus
566 2797 687 2860 divinus
704 2793 821 2884 respuit
839 2816 966 2862 omnem
984 2819 1070 2862 meu·

170 2895 299 2962 suram,
335 2881 474 2968 ideoque
509 2883 679 2958 immensus
716 2901 774 2950 est.
799 2879 956 2968 'Denique
985 2884 1071 2948 omni

170 2959 348 3040 intellectui
384 2969 474 3036 finito
518 2968 839 3062 incomprehensibilis
878 2990 939 3038 est.
982 2971 1072 3038 Nam
