2298 3418
226 175 292 274 spe
396 217 421 227 ··
476 197 827 252 rtrrrrrvmrtttos.
904 217 910 234 ,-
1026 243 1028 248 .
1104 256 1107 260 ,

231 339 236 348 ,
291 268 330 338 In
354 267 461 360 prima
489 271 638 337 columna
667 273 832 359 ponitur,
861 270 998 358 singalas
1016 281 1075 337 sex

225 375 368 442 tesserae.
396 358 489 427 unius
520 357 615 428 facies
640 377 717 425 'cum
754 362 872 432 onitate
900 357 1078 436 combine-,-

225 449 262 512 ri.
285 441 329 512 'In
367 447 506 513 secunda
535 446 685 517 oolurnna
716 449 853 537 singulae
882 469 938 516 sex
974 463 1077 513 tesse-

226 557 277 601 rae
306 533 401 605 unius
430 533 526 602 facies
549 560 621 604 cunr
648 558 782 605 nurnero
800 536 1077 623 binariooornpo-
1147 559 1148 564 ¹

175 667 178 672 -
226 625 305 688 sitae
329 625 520 712 linguntur,
547 626 653 694 etita
674 627 834 713 deinceps.
859 625 917 696 Eat.
935 623 993 688 hac
1011 641 1076 688 ta·-
1147 655 1148 710 ,

225 711 312 778 bella
330 729 421 815 paret
435 758 453 792 ,.
468 714 599 780 iaciendi
619 715 736 782 nometi
752 737 782 802 7.
797 712 1077 816 probabilitatem

227 821 296 868 esse
321 823 463 867 oninium
488 825 678 882 maximam,
700 821 813 871 contra
834 820 942 874 autern
972 823 1075 887 mrnr-
1147 845 1148 850 η

225 892 310 954 marn
332 911 391 976 pro
417 892 555 957 numeris
584 913 613 956 2.
638 913 669 960 et
689 913 768 969 ης
801 911 841 958 et·
860 891 907 956 ira
935 890 976 958 de
1004 890 1075 956 aliis

229 978 425 1066 quibuslibet
449 982 596 1048 numeris.
611 980 649 1052 E.
679 1003 710 1068 g.
737 981 819 1048 inter
846 999 955 1046 ornnes
973 981 1076 1044 iactus

227 1067 343 1148 dantur
362 1070 460 1134 iactos
483 1071 725 1158 qninqueocto
749 1088 964 1158 punctorum3
982 1090 1072 1154 qua·
1147 1089 1148 1106 ²

228 1178 262 1222 re
288 1155 491 1242 probabilitas
519 1157 551 1224 in
577 1159 640 1244 hoe
661 1180 736 1224 castr
764 1181 796 1224 se
812 1157 970 1226 haband
992 1169 1072 1222 ce'r-

216 1246 396 1322 'titudinem
421 1262 455 1310 nt
484 1266 512 1326 5.
529 1245 571 1312 ad
595 1245 648 1334 3⁶·
665 1247 759 1312 Simili
774 1247 895 1312 ratione
916 1247 1072 1312 aestima·-

230 1333 262 1405 ri¹
280 1335 387 1418 potest
410 1334 616 1420 probabilitas
640 1336 673 1400 in
702 1337 826 1401 tesseris
850 1333 960 1399 tribus.
989 1335 1076 1412 Evi-

230 1421 308 1486 dens
331 1423 411 1487 enirn
428 1441 475 1488 est
493 1423 547 1510 36.
575 1423 677 1490 iactus
707 1423 873 1512 possibiles
894 1425 925 1488 in
953 1424 1079 1498 tesseris
1147 1433 1148 1520 ]

231 1509 355 1592 duabus
369 1511 542 1576 combinari
559 1535 656 1601 posse
678 1534 752 1578 cnm
778 1533 971 1600 unaquaque
993 1509 1077 1582 facie
1147 1565 1148 1576 ,

232 1605 341 1666 tertiae
357 1617 517 1678 tesserae,
533 1623 569 1666 ac
584 1601 720 1688 proinde
733 1601 899 1689 possibiles
924 1621 995 1666 esse
1010 1599 1079 1664 iac·
1147 1621 1148 1626 ¹

231 1706 282 1754 tus
305 1687 410 1767 216.;
440 1707 471 1756 et
495 1691 538 1754 ira
563 1690 716 1780 deinceps
742 1712 803 1780 pro
832 1690 909 1757 dato
926 1687 1077 1776 quolibet

233 1795 418 1844 tesserarum
433 1799 579 1844 nurnero.
1034 1829 1036 1836 Α
1065 1817 1069 1840 ,-

274 1862 363 1930 VII.
410 1865 483 1930 Hae
499 1867 627 1954 quidem
654 1866 925 1934 considerationes
939 1864 1087 1954 exiguae*

230 1967 262 2018 et
287 1951 404 2017 nullius
423 1950 488 2025 lere
510 1957 650 2020 utilitatis
666 1955 763 2020 videri
786 1968 944 2042 possent,
969 1972 999 2020 et
1018 1977 1074 2020 re·
1147 1965 1148 1968 ’

232 2061 308 2108 vera
336 2041 414 2106 tales
443 2059 542 2122 sunt,
566 2048 588 2108 si
616 2045 664 2108 hic
693 2043 828 2132 gradum
856 2045 999 2131 figamus.
1028 2043 1077 2109 At
1147 2037 1148 2044 ἵ

231 2130 254 2192 si
271 2129 404 2206 ulterius
432 2128 697 2222 progrediamur,
715 2151 848 2220 possunt
870 2133 942 2200 illae
958 2133 991 2196 in
1018 2148 1075 2198 re·

228 2215 293 2300 bas
318 2221 442 2284 maximi
464 2221 644 2300 momenti,
674 2221 743 2286 usui
769 2237 949 2308 essequam
974 2220 1078 2284 mari·
1147 2237 1148 2278 1

234 2328 313 2384 mo,
332 2309 422 2397 quod
444 2309 572 2394 quidem
599 2311 749 2394 exemplis
768 2308 911 2396 plurimis
924 2308 1076 2375 demons-

233 2393 328 2460 trabit
366 2396 503 2482 Iacobus
534 2399 736 2464 Bernoullins
767 2400 799 2462 in
830 2397 944 2464 eximio
972 2419 1075 2484 opere

233 2483 276 2549 de
292 2499 366 2549 arte
392 2487 606 2552 coniectandi.
624 2487 709 2552 Hinc
731 2486 884 2554 aestimari
912 2500 1022 2572 potest
1038 2509 1071 2550 e·

233 2591 384 2638 ventuum
407 2573 631 2658 probabilitas,
647 2573 863 2643 enumerando
887 2594 980 2641 casus
996 2570 1076 2638 ''om-

234 2681 288 2726 nes
330 2661 495 2748 possibiles
522 2681 554 2731 et
592 2687 692 2751 aeque
722 2661 840 2730 faciles.
872 2663 901 2726 Si
940 2678 1074 2730 eventus

233 2746 346 2838 aliquis
378 2749 458 2818 inter
486 2753 562 2817 alios
595 2773 699 2838 aeque.
723 2749 831 2818 faciles·
858 2751 1076 2831 contineatur,

129 2849 132 2855 ’
233 2857 369 2920 quornm
393 2862 542 2908 numerus
564 2841 604 2906 sit
631 2841 904 2920 infinirns‚nulla
934 2858 982 2904 est
998 2861 1074 2927 pro·
1147 2875 1148 2926 r

233 2923 406 3022 babilitas,
421 2947 534 2996 contra
549 2947 656 2997 autem
678 2930 722 2996 ita
742 2929 849 3020 angeri
866 2944 976 3018 potest
993 2949 1077 3018 pro-
