2264 3420
186 105 236 236 po
450 108 638 154 tusrtrvr.
663 108 798 154 aurcos.

210 175 277 254 uit,
305 173 367 262 ipsi
389 175 630 266 quodammodo
654 177 860 254 inhaereant,
885 193 998 260 quum
1026 197 1071 240 eas

185 263 286 350 possit
310 265 424 334 iterum
448 267 624 353 producere
641 284 674 332 et
693 283 941 354 recognoscere.
971 262 1071 347 gQuis

184 369 290 416 autem
306 352 470 421 adfirmare
486 355 623 442 poterit,
645 351 767 418 sublata
784 351 874 416 omni
892 353 1070 438 cogitatio-

184 457 223 504 ne
243 443 397 528 praesenti
419 445 497 510 tales
517 443 626 523 ideas,
650 464 732 531 quae
748 440 896 508 revocari
917 457 1067 528 possunt,

184 546 249 594 uon
269 532 451 616 superesse?

250 615 367 704 Neque
381 617 552 686 observare
564 616 619 684 abs
635 641 667 684 re
689 617 767 696 erit,
788 614 934 702 quibus,
963 632 1001 679 ut
1027 617 1062 682 ita
1117 616 1118 625 ’

183 701 309 786 dicam,
333 705 480 794 gradibus
504 729 523 774 a
546 707 649 796 vigilia
671 708 703 772 iu
723 710 870 770 somnum
899 705 1062 791 paullatim

183 792 377 858 delabamur.
394 796 533 862 Mentem
549 800 697 862 sentimus
710 792 910 858 viridissimis
928 795 1060 857 distinc-

103 911 108 920 ·
183 881 283 968 tisque
297 882 373 950 ideis
386 905 424 949 ac
439 882 666 952 sensationibus
678 899 867 969 occupatam
888 899 992 969 atque
1007 900 1053 944 at-

183 984 313 1036 tentam.
329 973 440 1038 Paullo
454 991 525 1060 post
541 971 692 1038 minuitur
707 992 813 1038 earum
825 969 1002 1048 viriditas,
1014 987 1052 1033 at·

185 1057 287 1123 tentio
309 1061 406 1127 veluti
428 1059 581 1126 subsidit:
606 1061 666 1126 iam
690 1061 743 1124 uui
762 1057 851 1126 ideae
867 1079 937 1122 non
958 1060 1060 1147 magis,

184 1168 280 1234 quam
292 1147 381 1216 alteri
395 1166 515 1216 attenta
526 1171 611 1228 mens
623 1170 672 1216 res
684 1164 863 1236 praesentes
878 1143 1064 1233 perfuncto

186 1239 230 1301 rie
252 1255 396 1322 spectat:
422 1259 524 1323 neque
546 1237 598 1302 uni
627 1259 700 1325 prae
722 1237 832 1302 ceteris
859 1235 1063 1314 immoratur,

185 1340 327 1409 tuncque
349 1324 445 1414 vulgo
467 1326 580 1392 dicitur
604 1325 646 1392 de
669 1321 767 1392 nihilo
789 1326 951 1412 cogitare.
974 1323 1063 1390 Tunc

184 1407 315 1476 confusa
339 1417 442 1479 omnia
467 1433 641 1502 apparent:
668 1434 754 1479 mens
775 1435 811 1478 ea
837 1430 990 1498 spectare
1014 1413 1064 1478 de·

185 1498 353 1588 dignatur,
369 1504 456 1570 etita
472 1503 582 1570 leviter
605 1501 746 1569 adticitur
758 1548 769 1579 ,
794 1501 905 1566 utrix
928 1523 968 1566 ea
991 1523 1065 1594 per·¹
1118 1529 1119 1540 2

185 1591 292 1676 cipiat,
306 1590 409 1658 donec
419 1591 546 1658 tandem
559 1591 722 1677 torpedine
737 1587 876 1678 quadam
893 1589 986 1653 velut
1002 1611 1065 1678 op-

186 1699 296 1766 pressa
313 1702 370 1746 nec
385 1679 541 1767 suiipsius
559 1701 617 1746 nec
633 1679 761 1744 aliarum
778 1699 883 1742 retum
899 1674 961 1740 sibi
982 1699 1061 1740 con-

188 1767 251 1829 scia
263 1767 311 1831 sit:
326 1784 392 1831 tum
404 1766 531 1834 demum
544 1767 701 1856 producta
715 1765 814 1830 somni
829 1767 956 1828 cortina
971 1787 1063 1832 omne

161 1901 163 1906 .
187 1852 341 1918 elatarum
357 1855 497 1922 idearum
512 1856 728 1940 spectaculum
740 1854 835 1920 menti
849 1853 1063 1939 intercipitur.

161 2027 164 2034 Ι
187 1939 240 2006 Ex
258 1941 302 2006 his
317 1943 423 2030 paucis
440 1941 640 2011 manifestum
654 1963 719 2023 est,
743 1943 783 2010 de
801 1941 861 2012 hac
877 1942 1064 2031 quaestione

189 2029 265 2096 nihil
286 2047 376 2098 certo
402 2031 558 2100 adfirmari
583 2053 689 2123 posse.

468 2175 670 2282 onrvu
702 2183 789 2274 111.

279 2381 336 2453 De
355 2383 435 2454 aliis
456 2343 653 2478 quibusdam
677 2384 793 2454 melitis
816 2379 979 2450 humanae

508 2471 739 2557 facultatibus
793 2531 797 2536 .

168 2683 171 2693 ι
196 2586 322 2712 Duas
338 2647 495 2734 primarias
509 2649 630 2718 animae
645 2647 808 2716 facultates
828 2643 1061 2738 distinguendas
1121 2673 1122 2694 t

191 2755 258 2798 esse
279 2739 440 2802 statuimus
456 2743 486 2804 in
506 2740 578 2827 ipso
598 2740 714 2826 logices
740 2737 840 2802 initio.
856 2735 958 2799 Prima
974 2757 1060 2802 nem·

191 2841 231 2906 pe
245 2841 292 2886 est
309 2821 439 2888 facultas
454 2824 684 2914 cognoscendi,
708 2825 805 2890 altera
830 2841 934 2888 autem
957 2820 1059 2887 facul-

13 2887 15 2924 Ὺ
101 2951 104 2957 -
190 2923 237 2972 tas
252 2911 441 2996 appetendi.
457 2912 528 2980 Hae
548 2930 655 2978 autem
674 2911 757 2978 duae
772 2908 942 2997 primariae
956 2908 1060 2974 facul-

187 3010 269 3059 tates
284 2999 459 3062 secundum
474 3017 618 3066 nostrum
630 2999 830 3090 concipiendi
846 2996 977 3064 modum
996 3017 1061 3064 rur·
1121 3009 1122 3094 ἐ
