2258 3428
160 187 162 194 ’
240 181 318 228 snas
335 181 361 227 1.
379 181 534 231 sources.
552 181 628 229 oar.
647 181 705 230 111.
817 185 878 256 113

70 245 209 314 seruntur.
229 251 393 316 Contraria
429 277 466 320 ex
493 271 589 318 causa
611 249 730 316 facturn
752 268 820 332 est,
845 276 882 322 ut

69 337 146 400 aliae
164 361 242 406 voces
265 342 424 428 loquentis
446 362 477 408 et
501 339 664 408 scribentis
683 341 881 422 modestiam,

32 473 33 476 ,
72 428 268 493 verecundiam
283 475 292 508 ,
312 431 497 518 pudorem,
512 428 707 518 probitatem
729 431 884 518 significa-

36 583 37 588 *
74 531 142 577 rent.
162 517 208 582 Ab
236 519 388 606 improbis
422 541 497 608 ergo
529 519 697 597 venit,·ut
727 521 882 608 quaedam

32 649 34 654 ,
78 621 152 668 toces
181 607 212 670 in
241 628 294 671 sua
327 611 473 694 primaria
499 609 725 696 significatione
757 611 881 676 minime

35 735 37 738 ψ
75 705 188 778 turpes,
210 697 334 761 tandem
360 717 472 784 turpes
497 700 644 762 evadant.

33 859 35 862 ¹
123 781 241 850 Obiect.
269 787 453 850 stoicorum.
476 787 609 856 Vocum
637 784 814 851 obscenitas
840 809 882 854 ex

66 866 147 933 rebus
170 871 242 958 ipsis
266 895 371 940 ortum
393 874 544 954 duceret,
568 873 618 938 vel
635 893 716 940 esset
733 875 764 938 iu
786 878 880 939 voci-

65 954 116 1018 bus
136 977 275 1039 tantum3
296 984 443 1028 neutrum
459 963 519 1028 dici
544 980 676 1051 potest3
705 983 780 1048 ergo
800 964 879 1028 ttulh

61 1043 89 1106 la
104 1066 146 1111 est
166 1050 197 1110 iu
211 1051 339 1116 vocibus
364 1052 542 1118 obscenitas
561 1073 666 1140 neque
687 1051 876 1118 accessoria.

32 1205 38 1214 „
62 1131 152 1198 Prob.
174 1139 240 1202 min.
253 1141 331 1204 Non
346 1141 485 1206 nascitur
500 1162 539 1206 ex
555 1143 629 1228 ipsis
644 1140 739 1205 rebus
756 1187 765 1216 ‚
781 1161 879 1226 quum

63 1243 108 1286 tes
123 1223 186 1289 illae
207 1231 403 1312 quantumvis
430 1249 541 1317 turpes
565 1231 630 1294 aliis
652 1230 786 1294 vocibus
801 1230 879 1295 citra

62 1313 275 1398 turpitudinem
303 1318 435 1404 exprimi
463 1320 617 1405 possint:
646 1319 747 1382 multo
774 1320 878 1384 minus

62 1420 102 1462 est
128 1403 304 1469 obscenitas
330 1409 361 1470 in
386 1407 543 1485 vocibus,
568 1429 648 1493 quae
674 1428 729 1492 per
745 1429 777 1472 se
803 1427 878 1474 suut

61 1488 135 1574 signa
155 1493 315 1558 arbitraria
331 1519 340 1572 3
354 1517 429 1582 ergo
447 1495 532 1560 nulla
547 1497 674 1556 omnino
702 1514 748 1559 est
763 1496 794 1558 in
809 1517 877 1558 uo-

64 1579 142 1642 cibus
160 1579 347 1647 obscenitas.
366 1583 469 1670 Resp.
487 1610 495 1648 t
513 1581 743 1646 obscenitatem
758 1603 876 1648 vocum

66 1685 124 1726 non
145 1689 179 1731 et
198 1671 289 1735 rebus
314 1673 388 1756 ipsis
413 1674 559 1759 primario
584 1671 761 1758 significatis
779 1669 889 1749 nasci3'

71 1754 221 1820 obscenum
233 1763 357 1846 quippe
380 1781 444 1823 non
462 1779 508 1826 est
524 1805 534 1837 ,
557 1780 621 1824 tem
634 1778 757 1845 turpem
771 1759 888 1846 eapti-¹

75 1858 171 1919 mete,
192 1849 280 1912 modo
308 1848 341 1912 id
367 1850 546 1916 verecunde
575 1866 607 1924 et
630 1849 753 1913 selectis
775 1866 879 1912 voca«

69 1926 140 1993 bulis
156 1933 204 1998 iat
219 1960 228 2000 ε
244 1959 350 2023 neque
370 1940 460 2002 etiam
478 1959 516 2002 ex
532 1937 605 2021 ipsis
622 1936 754 2000 vocibus
767 1981 780 2013 ,
794 1955 877 2022 quae

64 2039 113 2103 per
133 2041 161 2084 se
176 2045 236 2086 uon
263 2027 360 2113 magis
382 2027 498 2114 aliquid
514 2043 609 2112 turpe
626 2067 636 2102 ‚
651 2047 746 2110 quam
762 2024 878 2090 hortes-

62 2127 120 2169 tum
137 2111 304 2188 exhibent3
329 2113 383 2178 sed
401 2137 442 2192 ex
461 2115 562 2198 pravis
579 2111 743 2176 affectibus
759 2157 771 2190 ,
797 2127 887 2199 quos·

63 2216 173 2281 praeter
188 2202 396 2292 principalem
409 2202 665 2290 significationem
692 2221 732 2266 ex
750 2219 809 2266 usu
824 2223 891 2268 rev

60 2303 243 2370 praesentant
260 2292 291 2353 in
308 2291 458 2378 loquente
475 2309 535 2372 ,ut
551 2309 646 2377 supra
661 2291 887 2377 exposuimus·

310 2463 548 2546 QVAESTIO
571 2462 617 2530 11.

258 2643 318 2712 De
340 2640 569 2710 vocabulorum
593 2663 669 2706 utu.

61 2829 256 2974 Vocabsrlis
264 2908 402 2988 utimur,
419 2925 454 2972 ut
470 2908 633 2983 notiones,
644 2923 727 2992 quae
743 2904 892 2972 iumen--

100 2991 178 3061 Tum.
203 2997 232 3064 I.
568 2993 602 3059 H
