2270 3416
151 61 213 130 106
419 86 604 136 rusnrnvr.
633 87 772 140 annuos.
839 116 841 121 -

142 153 270 232 noscit,
287 169 320 220 et
347 155 545 240 voluntate,
572 180 636 246 qua
665 181 702 224 ex
719 154 824 224 multis
841 154 938 222 reb'us
951 205 952 212 r
963 177 1056 246 quae
1121 176 1122 235 ἴ

145 264 209 318 non
238 263 309 308 sunt
323 265 478 312 summum
494 248 613 312 bonum
628 292 639 327 ,
657 271 754 312 unum
773 251 876 334 potest
891 247 1056 311 adsume·

143 352 177 398 re
193 349 248 397 aut
269 333 446 420 relinquere
461 335 501 400 ad
517 333 639 400 libitum
654 359 663 414 ;
680 335 952 423 quemadmodum
966 335 1055 398 mul-

143 421 185 494 tis,
205 421 471 506 propositionibus
491 427 633 490 obscuris
650 446 791 490 asensum
813 421 968 509 praebere
1000 423 1053 488 vel

144 531 208 572 non
239 507 388 597 praebere
414 531 519 599 potest
536 533 612 590 ,aut
640 515 732 580 etiam
745 512 893 578 iudicium
907 509 1053 577 cobibe·
1120 527 1121 538 ¹

142 618 175 662 te
193 642 203 675 ,
219 617 253 662 ut
283 620 390 666 omnes
415 604 630 689 experiuntur.
646 601 687 667 Et
703 619 789 667 certe
804 600 827 664 si
844 617 972 664 nonest
1006 602 1050 666 vis

142 687 274 754 electiva
302 687 331 750 in
350 687 476 756 homine
492 735 500 770 ,
517 692 579 756 vita
593 689 731 755 bumana
755 691 883 754 omnino
915 687 1050 754 subver-

141 779 230 838 titur.
259 773 388 842 Frustra
415 781 495 846 enim
509 779 624 844 dautur
637 780 719 868 leges
736 775 852 842 frustra
882 775 1048 842 adhiben-

141 878 195 926 tur
221 859 454 952 obiurgationes
473 915 483 946 ‚
499 867 608 934 laudes
625 909 635 945 ‚
652 867 904 952 vituperationes
934 884 966 932 et
991 885 1043 930 ex·

140 949 337 1018 hortationes
353 1001 363 1032 ,
378 974 473 1042 atque
489 957 554 1022 sine
566 957 629 1022 ulla
645 955 765 1020 institia
781 955 872 1020 bottis
890 955 1042 1044 praemia,

142 1058 175 1106 ct
206 1041 294 1106 malis
320 1047 474 1133 supplicia
503 1045 679 1110 constituta
704 1059 790 1108 sunt.

186 1128 231 1194 X.
278 1130 346 1196 Iam
372 1157 447 1199 vero
469 1156 568 1222 quum
583 1135 654 1218 satis
679 1147 829 1210 constet,
844 1129 982 1197 liberum
999 1152 1050 1196 ar·

142 1215 273 1283 bitrium
295 1242 350 1286 seu
377 1225 440 1286 vim
468 1221 635 1289 electivam
657 1243 722 1288 esse
738 1222 769 1286 in
785 1219 944 1300 homine,
967 1241 1048 1306 eam·

142 1327 205 1459 <pue
233 1308 310 1372 citra
340 1309 578 1378 indifferentiam
594 1333 657 1378 non
673 1332 766 1396 posse
782 1307 913 1392 intelligi
933 1354 952 1386 ,-
973 1309 1046 1397 quia

142 1394 152 1457 i
178 1395 286 1460 inulla
304 1414 352 1462 est
381 1401 494 1466 electio
510 1449 521 1479 ,
539 1399 591 1466 ubi
609 1397 761 1464 incumbit
777 1399 947 1464 necessitas
966 1442 976 1476 ,
994 1415 1049 1460 to·

59 1514 60 1520 ¹
142 1499 177 1547 ta
203 1481 371 1552 difficultas
395 1507 466 1566 est,
492 1510 647 1576 quaenam
664 1485 872 1552 indifferentia
899 1485 1049 1572 requira-

143 1587 205 1636 tur.
235 1573 305 1640 Alia
333 1593 381 1642 est
407 1576 611 1642 indifferentia
626 1581 833 1664 passiuaseu
849 1574 890 1640 ad
916 1575 1050 1659 patien-

144 1659 220 1738 dum
236 1682 293 1738 ,ut
307 1687 383 1750 ceta
410 1683 458 1732 est
473 1653 650 1732 indifferens
668 1664 707 1730 ad
725 1665 839 1740 multas
862 1664 978 1751 figuras
996 1685 1050 1729 re-

147 1750 330 1834 cipiendas;
346 1771 485 1833 statera,
501 1773 536 1820 ut
559 1757 590 1818 in
616 1753 696 1818 hanc
712 1753 761 1820 vel
777 1751 907 1816 inillam
924 1770 1051 1839 partem

146 1839 313 1904 attollatur
336 1858 390 1906 aut
412 1843 618 1924 deprimatur.
650 1843 709 1907 Per
736 1841 817 1906 hanc
846 1860 955 1906 autem
985 1862 1050 1905 non

145 1948 242 2012 posse
264 1931 413 1995 constitui
441 1931 574 1998 liberum
589 1929 749 1995 arbitrium
767 1930 865 2008 ,satis
881 1949 983 2018 patet.
999 1931 1051 1992 A·

147 2011 193 2078 lia
215 2036 262 2080 est
287 2023 396 2084 activa
412 2067 423 2098 ,
438 2043 526 2108 quae⁴
548 2042 651 2086 rursus
675 2017 797 2106 duplex
826 2034 900 2096 est;
934 2037 1050 2103 nempe

148 2104 415 2172 contradictionis
447 2129 479 2175 et
509 2110 780 2186 contrarietatis,
795 2105 833 2171 de
861 2103 977 2192 quibus
992 2127 1051 2170 su-

148 2212 219 2282 pra.
247 2195 319 2258 Alia
335 2194 450 2260 dicitur
466 2200 618 2285 negativa
634 2243 642 2274 ,
656 2211 687 2262 'et
702 2213 750 2260 est
766 2195 891 2283 negatio
908 2216 962 2258 seu
981 2193 1052 2280 pri-

150 2282 236 2347 vatio
260 2287 360 2350 nmois
376 2285 468 2373 plane
485 2285 770 2360 determinationis,
786 2285 853 2350 sive
869 2281 963 2346 animi
982 2303 1051 2346 sus·

148 2374 277 2456 pensio,
305 2397 368 2461 qua
391 2377 461 2463 quis
485 2377 612 2438 omnino
632 2376 769 2462 incertus
798 2389 845 2434 est
869 2388 900 2436 et
925 2371 1050 2456 ignarus

127 2525 132 2530 ..
150 2459 238 2537 eius,
259 2461 348 2548 quod
369 2485 458 2552 agere
477 2463 601 2534 debeat.
619 2461 724 2540 Quam
749 2457 989 2524 indifferentiam
1009 2458 1050 2524 ad

148 2543 322 2634 libertatem
338 2541 498 2618 electionis
513 2551 637 2619 minime
658 2548 799 2638 requiri,
819 2546 958 2612 fatentur
981 2569 1050 2610 om·

148 2655 216 2697 nes.
246 2639 315 2698 Alia
338 2639 453 2707 dicitur
473 2642 639 2726 positiva,
671 2657 703 2703 et
738 2654 785 2702 est
811 2638 855 2699 vis
873 2657 927 2700 seu
952 2657 1050 2722 capa-

114 2721 228 2785 scitas
257 2725 428 2790 voluntatis
455 2727 495 2792 ad
527 2749 624 2792 unum
652 2747 690 2790 ex
722 2725 825 2788 multis
855 2724 1048 2810 eligendum.

149 2807 240 2884 Quae
258 2810 464 2879 indifferentia
485 2832 566 2880 stare
591 2829 698 2900 potest
721 2834 793 2876 cum
817 2811 1051 2876 determinatio-

151 2915 190 2958 tte
211 2917 266 2961 seu
287 2899 451 2978 electione.
472 2902 606 2986 Haeque
631 2899 860 2968 indifferentiae
875 2899 995 2987 species
1009 2898 1052 2966 ad

150 2982 304 3048 rationem
333 2985 419 3050 liberi
441 2989 560 3069 arbitrii
583 2991 735 3077 pertinet.
801 3041 809 3046 .
