2326 3438
195 241 200 252 ,
255 191 343 260 ¹ms
362 181 433 236 sur?
454 185 626 238 toutone-
651 189 725 239 c'ar.
751 193 792 238 11.
885 194 945 265 ²93

86 259 244 350 habrum
265 281 296 327 er
309 260 452 352 ¹rpttr'dem
479 266 529 326 ita
554 275 590 326 ut
616 265 822 348 praecedant
840 259 947 346 illae,

89 373 239 441 quarum
265 349 384 418 relatio
413 354 646 438 conuenirntr'or
674 367 735 416 est.

113 477 118 482 ·
167 439 268 504 Huius
291 439 419 524 segniae
439 459 508 526 pars
532 437 671 504 secunda
698 442 741 505 ita
767 439 948 530 intelligen-

94 525 147 592 da·
164 547 239 604 est,
265 546 301 592 ut
325 533 431 591 iocum
465 526 578 592 habere
603 528 703 615 possit
740 547 892 608 tantum,
923 532 947 596 si

94 637 172 680 curn
188 617 313 682 duabus
340 616 602 704 praecedentibus
630 615 743 704 reguiis
770 639 834 681 non
884 639 954 708 ug·=

92 726 162 770 nat.
191 704 363 770 lnharum
394 709 570 792 regularum
595 704 816 771 observatione
832 752 841 785 ,
857 639 949 772 itud

93 815 209 882 magna
227 815 275 859 est
303 792 483 860 difficultas.
519 792 614 856 initio
639 811 744 860 tamen
775 813 949 881 antequam

96 884 182 949 hisee
211 883 290 949 bene
323 885 438 950 assueri
461 883 576 956 simus,
603 882 714 946 harum
734 883 841 986 praxis
857 885 948 948 adiu·

96 972 165 1036 reri
188 971 303 1053 poterit
324 971 533 1058 sequentibus
555 971 770 1035 adminiculis.

108 1093 116 1101 r
168 1060 306 1124 Primum
329 1061 477 1126 debemus
504 1078 615 1125 notare
635 1080 666 1125 et
691 1059 771 1124 bene
788 1060 949 1125 determi-

100 1169 179 1214 nare
210 1148 312 1224 iilud,
341 1149 433 1236 quod
466 1149 624 1232 explicare
653 1149 864 1234 suscipimus,
889 1171 949 1214 ca-

102 1237 246 1326 taingum
271 1233 437 1303 efficiendo
453 1283 462 1317 ,
480 1238 533 1324 qui
554 1237 716 1302 contineat
743 1259 853 1302 omnes
869 1261 947 1324 pro-
994 1290 996 1298 ,

100 1328 274 1412 positiones
302 1327 563 1392 demonstrandas
597 1325 737 1391 breuiter
764 1347 948 1412 expressas,
1037 1359 1038 1366 ¹

99 1433 159 1478 aut
179 1417 282 1502 potius
306 1416 491 1501 simpliciter
515 1415 680 1479 indicatas.
706 1413 820 1479 Postea
843 1415 953 1482 debe-'¹

101 1523 169 1566 mus
188 1505 346 1590 inquirere
368 1505 397 1568 in
413 1521 621 1592 argumenta,
643 1502 757 1587 quibus
774 1519 885 1566 nostro
901 1505 950 1567 iu-

96 1592 186 1674 dicio
202 1589 349 1656 facillime
371 1609 402 1657 et
421 1591 604 1657 breuissime
620 1591 858 1679 propositiones
874 1590 950 1657 istae

101 1679 231 1769 probari
254 1681 385 1770 possint.
407 1681 497 1745 Haec
509 1697 691 1768 argumenta
707 1677 872 1743 continent
886 1700 952 1742 noe

103 1791 158 1834 vas
182 1771 418 1858 propositiones
433 1770 589 1858 prioribus
607 1771 636 1831 in
656 1769 805 1856 catalogo
821 1767 951 1833 adden·

102 1859 172 1925 das.
189 1855 315 1924 Deinde
330 1857 483 1946 principia
501 1903 510 1936 ,
535 1856 706 1944 exquibus
731 1855 790 1922 hae
821 1857 951 1926 ultimae

105 1945 341 2034 propositiones
359 1948 423 2012 sire
447 1947 648 2023 immediate,
674 1947 738 2012 sive
755 1967 813 2034 pet
838 1946 953 2012 seriem*

105 2035 367 2124 propositionum
390 2035 450 2099 iam
474 2037 621 2122 catalogo
642 2033 949 2122 comprehensarum

104 2123 331 2202 deducuntur,
358 2126 450 2189 etiam
474 2123 576 2188 notari
592 2121 723 2187 debent.

120 2241 125 2252 =
170 2211 312 2278 Tandem
332 2211 501 2277 indicanda·
527 2211 622 2276 etiam
649 2225 724 2272 sunt
748 2207 842 2274 verba
866 2209 955 2275 obs··

103 2319 209 2380 cura,
230 2323 313 2388 qnae
340 2301 461 2366 definiri
487 2299 630 2375 debent,
666 2317 702 2362 ut
726 2314 761 2360 et
788 2297 957 2383 postulata·

104 2406 139 2456 et
154 2389 352 2478 hypotheses
368 2433 378 2467 ‚
406 2390 429 2452 si
452 2387 495 2453 de
514 2386 559 2450 his
573 2404 694 2475 agatur.
709 2383 827 2450 Omnia
843 2431 854 2464 ,
869 2405 957 2473 quae

108 2480 151 2542 ita
179 2477 317 2543 indicata
334 2495 444 2555 sunt,
470 2497 555 2540 nunc
579 2475 755 2542 observatis
786 2474 899 2559 regulis
918 2475 955 2539 iu

106 2566 250 2632 ordinem
274 2566 443 2653 redigenda
463 2581 562 2648 sunt,
581 2581 614 2628 et
638 2562 767 2650 quidem
787 2563 828 2626 ita
845 2581 880 2626 ut
898 2583 959 2627 ra-‘
1055 2603 1062 2618 .

107 2657 230 2722 tionem
255 2655 495 2744 percipiamus,
524 2673 623 2738 quare
645 2653 780 2740 singula*
798 2651 839 2716 ad
868 2650 974 2744 huno·⁴

132 2746 234 2821 orius,
257 2765 352 2826 quam
369 2743 409 2807 ad
436 2742 532 2806 alium
550 2742 654 2805 locum
685 2737 865 2806 referamus.
885 2740 956 2808 Rev
1024 2804 1026 2807 .

106 2767 169 2899 {us
189 2833 230 2897 ita
245 2831 403 2919 dispositis
419 2829 630 2924 ,erplicauda
643 2847 756 2906 erunt,
777 2851 860 2913 quae
875 2830 955 2892 sim-

106 2919 237 3012 pliciter
259 2923 384 2988 tantum
407 2912 546 2989 indicata
565 2911 734 2987 uanum.
762 2914 813 2980 Ex
839 2913 954 2984 hacte-
