2298 3418
186 122 232 188 42
311 143 313 148 ,
376 161 380 173 .
407 136 413 146 ·
440 119 626 168 tttsttsvs.
649 119 780 168 sartos.

186 209 258 272 tet,
283 205 353 260 este
374 191 548 272 mutabile,
572 190 731 279 quidquid
753 185 884 256 contin'
906 183 954 256 ns'
968 185 1028 275 e'tt,

188 301 222 363 et
249 301 338 348 tersa
365 281 434 354 vice
465 301 534 348 este
559 284 769 370 contingens,
797 280 852 370 qui
878 281 959 372 qnid
985 301 1034 352 est

188 368 356 438 mutabile.

136 523 137 530 ,
203 459 284 531 .V·
329 457 393 528 Res
421 459 456 526 r'n
485 480 522 524 se
548 474 605 524 aut
639 456 791 527 absolute
814 457 951 547 spectari
975 458 1037 526 di-

186 545 293 628 citur,
316 547 341 612 si
367 569 432 612 non
453 547 679 627 attendamus,
701 548 758 612 niti
778 547 819 614 ad
839 548 904 614 eius
921 567 1036 614 essen·

187 638 275 704 tiam.
297 635 364 704 Sub
391 635 478 704 data
498 657 605 702 autem
629 635 811 704 conditione
833 655 888 702 aut
909 640 943 702 itt
968 636 1036 726 ty-

181 725 316 816 potiere·
346 726 480 812 spectari
508 726 646 804 dicitnr,
681 723 736 790 ubi
766 741 889 813 praeter
916 745 1035 791 esten-

188 815 266 888 tintn
296 831 600 903 praesupponuntnr
632 811 909 881 determinationes
938 813 1031 895 alite,

190 925 275 990 quse
296 904 400 991 posita
419 903 554 977 essentis
578 902 720 973 nondurn
742 921 917 991 ponuntur.
945 901 1032 968 Hinc

189 991 281 1082 qnod
300 991 331 1058 in
358 1013 390 1059 se
412 1009 590 1079 spectatum
620 992 825 1064 necessarium
847 1008 919 1071 est,
948 989 1035 1056 dici·

190 1098 246 1148 tur
269 1078 418 1154 absolute
438 1083 685 1158 necessarium
706 1079 796 1168 quod
817 1100 894 1152 vero
916 1099 1035 1146 neces-

190 1171 306 1246 satium
336 1190 401 1242 non
426 1186 498 1248 est,
528 1169 585 1233 nisi
610 1169 643 1247 itt
669 1166 844 1264 hypothesi
870 1167 945 1234 data
975 1188 1034 1235 seu

192 1257 253 1326 tub
271 1258 348 1324 dats
368 1257 507 1347 quadam
521 1255 727 1336 conditione,
745 1255 863 1324 dicitnr
878 1255 1039 1346 hypothe-

192 1350 259 1421 tice
281 1351 512 1416 necessarium.
538 1345 592 1416 Ad
619 1345 839 1422 necessitatem
861 1343 1039 1497 hypothe-

192 1435 288 1502 ticarn
314 1452 481 1510 revocatur
498 1433 685 1513 necessitas,
709 1455 791 1523 quae
812 1457 902 1500 mora
921 1439 947 1499 t'r
970 1433 1040 1501 dici

193 1525 289 1600 tolet.
310 1523 352 1594 Id
373 1548 486 1612 nempe
511 1522 680 1604 moraliter
707 1527 927 1598 necessarium
950 1521 1040 1588 diei-

195 1632 249 1693 tur
260 1661 270 1693 ‚
295 1614 385 1682 cuius
404 1613 600 1680 eontrarium
620 1633 684 1678 non
708 1611 773 1678 tine
795 1609 931 1682 martinia
950 1607 1040 1676 diffi-

196 1704 334 1782 cultate,
349 1720 381 1769 et
398 1701 451 1766 vix
468 1723 620 1792 umquam
631 1701 816 1790 contingere
828 1717 946 1787 potest.
959 1701 986 1774 F
991 1721 1042 1766 re·

197 1791 346 1878 quentius
369 1785 540 1856 moraliter
563 1793 781 1860 necessarium
802 1806 936 1863 vocatur
951 1811 1043 1855 tcu-

199 1883 253 1946 t'us
274 1882 473 1945 contrarium
493 1879 535 1944 ab
560 1877 682 1944 homine
704 1900 788 1950 tana
812 1893 914 1952 mente
932 1896 1045 1975 prae·

199 1964 361 2051 dirofierr·
375 1987 435 2032 nort
449 1980 569 2054 potest.
586 1965 674 2031 Talis
695 1985 741 2042 est
757 1964 947 2044 necessitas,
974 1987 1042 2052 qna

201 2053 300 2120 horno
321 2056 367 2121 sui
389 2075 522 2140 compos
545 2055 624 2122 inter
647 2076 803 2122 venenum
820 2073 852 2120 et
867 2053 973 2120 cibnrn
995 2069 1048 2119 sei

201 2141 324 2212 lubretn
346 2141 443 2210 libere
464 2144 602 2232 eligent,
629 2141 708 2222 iilud
732 2143 847 2222 reiicit,
870 2142 955 2208 hunc
980 2163 1045 2210 stt·

202 2235 270 2300 tnit.
302 2234 332 2300 Si
360 2236 442 2299 enim
474 2231 565 2298 aliter
592 2251 722 2322 ageret,
750 2253 816 2298 nnn
847 2249 930 2298 estet
964 2251 1043 2298 sant

203 2338 309 2390 mente
334 2321 508 2410 praeditus.
675 2391 680 2403 ,

214 2457 217 2465 ν
248 2409 319 2482 VI.
365 2409 466 2489 Quod
483 2407 629 2474 absolute
643 2405 853 2476 necessatium
868 2423 934 2484 est,
955 2425 1046 2470 con-

98 2582 100 2587 ,
204 2499 329 2588 tingens
355 2519 423 2566 esse
444 2499 576 2583 nequit,
597 2519 694 2582 quum
719 2498 783 2564 eins
802 2496 989 2583 oppositum
1012 2495 1047 2561 in

207 2608 242 2657 te
265 2603 444 2676 spectatum
465 2587 504 2651 sit
526 2602 707 2651 constanter
728 2582 1047 2672 impossibile-Con-

207 2693 257 2743 tra
273 2691 400 2754 autent,
423 2675 511 2761 quod
533 2673 742 2764 hypothetice
763 2673 968 2738 necessariam
983 2690 1046 2750 est,

210 2764 242 2830 in
267 2785 300 2832 se
324 2765 509 2850 contingens
534 2781 592 2827 est.
619 2761 746 2828 Etenim
769 2761 834 2828 eius
857 2760 1048 2849 oppositum

191 2919 192 2924 ,
212 2850 338 2922 nonnisi
359 2850 677 2942 in‚hypothesitiata
690 2849 975 2924 contradictionem
990 2849 1048 2918 itt-
