2300 3506
409 205 574 256 GAPVT
597 202 639 252 nt
907 203 947 274 15

121 273 296 347 elusionem
322 276 476 344 contineri
501 277 533 344 in
558 269 758 367 praemissis,
781 291 846 340 noo
877 276 950 364 qui·

120 366 193 432 dem
215 387 363 454 expresse
382 383 413 430 et
438 366 545 433 iisdem
569 361 701 430 omnino
723 361 826 428 verbis
841 387 852 443 ς
868 367 950 432 alio·

118 455 196 542 quin
221 454 300 519 nihil
327 453 525 542 probaretur.
542 451 736 520 intervenire
755 473 830 558 erpo
853 451 951 522 debet

118 542 179 608 alia
206 544 406 631 propositio,
431 565 516 630 quae
539 541 774 608 conclusionem
793 563 825 608 rn
849 542 950 612 altera

141 634 282 698 raemissa
305 632 460 700 contineri
477 630 626 700 declaret.
643 630 673 695 Si
694 631 849 697 antemio
874 632 950 722 syl-

112 654 249 810 lbgismo
262 720 340 786 haec
363 737 489 788 serrata
504 718 598 788 suerit
619 719 752 808 regula,
777 735 863 788 tecta
887 721 948 788 erit

111 811 361 898 argumentatio.
387 807 502 898 ltaque
535 825 625 896 patet
659 827 699 874 ex
737 809 885 886 materia,
915 825 949 878 et

48 933 51 941 ·
109 895 215 964 forma
240 917 327 964 totas
350 898 489 983 pendere
513 897 665 984 legitimae
695 897 949 984 argumentatio-

108 987 157 1051 nis
184 987 281 1076 leges.
305 986 441 1052 Caetera
457 1001 560 1052 autem
583 1003 754 1072 praecepta
771 1028 782 1064 ,
798 1007 881 1072 quae
904 987 946 1054 ad

108 1075 215 1162 ipsam
239 1075 523 1162 argumentantium
537 1094 703 1162 personam
720 1091 865 1160 spectant
882 1119 891 1152 ,
906 1075 948 1146 ad

110 1161 196 1228 haec
211 1161 383 1251 praecipua
398 1161 504 1250 capita
518 1162 654 1242 revocari
671 1177 818 1252 possunt.
837 1183 865 1228 1.
878 1163 949 1230 Sta·

112 1265 165 1316 tus
194 1249 387 1340 quaestionis
406 1251 491 1320 clare
516 1267 737 1340 proponatur,
763 1267 861 1340 atque
885 1255 950 1318 usi·

111 1342 185 1404 tatis
211 1337 376 1405 vocabulis
405 1338 597 1408 enuntietur.
625 1339 657 1405 Si
689 1358 796 1406 autem
829 1341 859 1406 in
888 1362 948 1430 op·

109 1429 286 1519 pugnanda
302 1428 489 1518 quaestione
521 1426 640 1518 aliquid
668 1425 871 1496 obscuritatis
897 1431 949 1497 la-

108 1533 203 1598 teat,
225 1539 418 1606 oppugnans
441 1513 663 1586 defendentem
676 1516 948 1604 interrogationi-

110 1603 170 1670 bus
191 1629 305 1695 urgere
330 1605 426 1680 debet
436 1652 446 1686 ,
461 1604 691 1672 vocabulorum
705 1604 948 1690 interpretatio·

110 1713 187 1758 uem
211 1715 349 1779 rogare,
371 1693 475 1763 donec
501 1695 604 1762 omnis
626 1708 825 1760 removeatur
847 1693 946 1760 ambi-

116 1781 233 1868 guitas.
255 1781 438 1853 constituta
458 1780 628 1850 verborum
646 1779 896 1871 significatione,
915 1785 947 1852 iu

114 1867 336 1956 disputationis
361 1894 527 1960 progressu
551 1871 592 1938 ab
611 1894 647 1939 ea
668 1893 868 1960 nequaquam
891 1897 947 1942 re-

110 1960 289 2026 cedendum
314 1981 374 2028 est.
395 1962 445 2034 Ex
472 1962 590 2027 violata
611 1959 668 2026 hac
693 1961 761 2052 lege
790 1985 946 2053 persaepe

104 2049 171 2125 fit,
201 2065 237 2113 ut
262 2049 494 2136 disputationes
523 2053 554 2114 in
576 2049 759 2114 vanissimos
789 2053 944 2118 clamores

115 2157 284 2224 morasque
309 2139 470 2204 nominum
494 2137 563 2204 lites
596 2136 722 2203 abeant.
741 2157 782 2204 11.
809 2141 948 2228 Oppug-

112 2245 193 2292 nans
223 2226 461 2314 argumentandi
495 2227 617 2292 initium
646 2223 770 2303 faciat,
801 2228 946 2297 adhibito

109 2314 298 2404 syllogismo
323 2317 373 2384 vel
399 2316 629 2383 enthimemate.
652 2315 804 2380 Fallaciae
834 2340 944 2386 omnes

107 2402 279 2489 inanesque
307 2405 474 2492 captiones
499 2406 610 2470 sedulo
635 2405 732 2468 vitare
751 2402 872 2486 debet,
897 2425 946 2472 at·

109 2513 175 2578 qne
201 2509 380 2558 accuratam
396 2492 677 2582 argumentationis
703 2489 835 2556 formam
856 2517 948 2562 scru-

109 2581 221 2665 pulose
248 2601 459 2648 consectetur.
496 2581 526 2642 st
556 2582 807 2670 propositionem
840 2606 946 2654 veram

111 2668 348 2736 exercitationis
363 2667 602 2752 philosophicae
625 2693 718 2736 causa
734 2673 945 2762 impugnave-

109 2757 177 2832 rie,
208 2758 282 2824 nihil
298 2758 466 2846 proferat,
484 2759 571 2843 quod
596 2760 758 2826 veritatem
772 2761 945 2832 obscurare

108 2845 239 2934 possit,
269 2848 365 2916 immo
386 2847 542 2933 quidquid
570 2849 680 2916 dixerit
705 2893 715 2925 ,
742 2847 781 2915 ad
802 2853 946 2926 veritatis,

109 2935 356 3026 explicationem
375 2937 551 3012 ,conducam
574 2939 605 3002 Si
628 2937 840 3024 impugnanda
853 2937 945 3011 obn,-
