2326 3438
262 189 347 244 snas
373 191 405 238 1.
428 189 587 238 ueram.
609 189 688 238 cat.
714 189 744 238 s.
878 193 921 266 19

83 277 195 328 tamen
216 257 421 327 sufficientem
442 260 627 328 existentiae
651 260 847 332 necessariae
868 285 924 332 ta-

84 354 236 430 tionem,
266 349 400 439 quaein
422 349 570 415 immensa
590 347 656 414 eius
679 349 813 418 essentia
837 373 924 418 con·

83 441 215 506 sinetur.
246 435 430 504 scholastici
446 437 488 505 ad
506 435 713 523 explicandos
729 439 924 508 naturaeef·

84 525 189 600 fectus
212 525 364 616 plurimas
389 527 555 612 qualisates
578 525 722 591 occultas
750 528 924 618 tingebant,

85 638 123 682 ac
139 614 275 704 proinde
296 611 421 680 caudam
438 615 573 702 aliquam
589 613 814 682 admittebant.
844 619 926 688 Ve-

44 773 50 792 ,
86 725 155 770 tum
180 703 255 792 quia
281 703 400 770 nullam
420 723 585 770 causarum
608 703 764 770 rationem
793 704 926 774 reddere

83 811 263 882 poterant,
293 791 361 859 eine
391 793 512 858 ratione
539 787 716 858 sufficiente
743 793 926 882 inexplica-

83 881 166 947 biles
178 897 290 945 causas
303 879 372 945 ilias
384 881 603 948 admisseruns.
619 878 685 944 Sub
697 900 811 946 causae
822 885 924 948 nomi·

86 993 127 1037 ne
139 984 255 1034 notum
270 966 329 1034 fuit
341 969 484 1035 Cartesio
497 968 624 1036 rationis
638 964 817 1035 sufficientis
831 971 923 1057 prin-

86 1060 222 1146 cipium.
254 1052 305 1122 Ita
331 1059 426 1125 enim·
440 1061 474 1126 in
494 1053 762 1125 meditationibus
783 1055 824 1124 de
851 1058 923 1124 Deo

89 1148 315 1212 ratiocinaturi
344 1141 440 1212 nulla
462 1151 515 1212 s'es
538 1145 682 1223 existit,
704 1143 746 1211 de
770 1167 838 1236 qua
860 1168 922 1214 nan

85 1236 196 1324 possit
237 1235 351 1314 uaesi,
374 1255 536 1323 quaenam
555 1237 601 1298 sit
623 1253 727 1300 cansa
752 1253 813 1302 car
834 1237 926 1301 exis·
988 1305 990 1311 A

2 1330 3 1336 ’
89 1339 158 1391 tat.
228 1338 263 1386 ae
291 1325 375 1388 enim
399 1320 441 1388 de
463 1324 533 1410 ipsa
558 1319 633 1387 Dea
660 1324 779 1410 quaeri
799 1339 924 1410 potest,

89 1434 151 1482 non
173 1405 265 1501 quod
290 1407 439 1500 indigeat
467 1407 538 1476 ulia
562 1431 694 1486 cansa,
722 1424 760 1474 ut
783 1415 928 1492 existat,
1010 1409 1012 1414 ’

91 1499 154 1570 sed
175 1503 254 1588 qaia
281 1500 450 1588 ipsicius
479 1513 622 1564 naturae
649 1499 851 1565 immensitas
876 1513 928 1566 ess

91 1609 220 1665 causa,
249 1603 387 1675 propter
445 1607 519 1651 nans
548 1583 644 1650 nulla
673 1603 776 1652 causa
802 1583 931 1674 indiget
1037 1651 1042 1658 ,

92 1675 143 1746 ad
171 1675 390 1742 existendum.
463 1675 562 1740 ullum
588 1671 720 1739 dubium
749 1690 796 1740 est
811 1719 823 1752 ,
839 1674 932 1760 'quin

92 1784 209 1832 causae
234 1762 362 1830 nomine
385 1763 539 1830 sationem
562 1759 773 1830 sufficientem
795 1760 859 1844 hac
880 1764 932 1830 ies

92 1875 134 1922 co
151 1851 329 1944 significate
352 1851 489 1918 voluerit
513 1849 690 1919 Cassesius.

406 2023 565 2096 CAPVT
588 2021 637 2092 II.

211 2201 269 2274 De
297 2205 440 2272 essentia
465 2215 498 2269 et
524 2203 705 2268 existentia
729 2203 827 2272 entis.
927 2189 931 2195 ¹

320 2373 658 2492 satietisvs
689 2370 717 2440 1.

351 2553 410 2624 De
441 2531 566 2620 notione
592 2554 689 2622 entis.

107 2733 223 2896 Eas
241 2815 379 2897 dicitur,
407 2815 447 2884 id
465 2837 580 2896 amne,
609 2813 699 2905 qnod
710 2818 854 2881 existere
874 2835 939 2906 pe·
968 2836 972 2840 ·

100 2921 190 2986 sest,
217 2924 276 2972 sess
304 2911 358 2972 cui
380 2909 560 2972 existentia
589 2925 648 2969 non
675 2919 850 2993 repugnat.
891 2899 942 2986 Ita

566 2986 637 3059 Xs
