2270 3416
12 339 22 378 t

271 145 720 224 restituentem-1·
760 205 763 212 ,
897 150 957 224 137
1006 207 1012 220 .

413 299 572 373 CAPVT
594 301 623 373 I.

154 475 210 546 De
231 477 349 546 Deoin
370 503 405 546 se
426 494 460 546 et
480 478 630 548 absolute
650 481 867 552 considerato.

12 1058 16 1072 p

18 1143 21 1150 ι

17 1164 19 1180 Ι

306 617 659 729 nxrtcvtvs'
690 655 718 724 1.

340 831 398 900 De
411 784 593 924 existentia
606 801 690 910 Det.

440 967 443 976 .
499 963 580 1076 1.'?

73 1037 167 1168 Ens
190 1086 421 1166 ¹necessarium
456 1098 487 1163 in
517 1095 686 1186 ,ontologia
716 1095 853 1162 diximus
891 1119 959 1166 esse

13 1231 19 1272 3
70 1181 147 1247 iilud
158 1185 272 1274 ,cuius
287 1187 451 1250 existentia
467 1191 514 1254 est
528 1186 673 1258 absoiute
687 1188 858 1254 necessaria
866 1233 877 1264 ,
903 1209 960 1253 seu

14 1321 17 1357 Ξ
67 1273 154 1359 quod
172 1273 302 1361 perinde
317 1293 383 1351 est,
405 1274 494 1361 quod
510 1277 665 1342 rationem
687 1274 869 1342 existentiae
884 1297 959 1342 suae

12 1411 16 1446 2
66 1359 271 1442 sufficientem
291 1364 322 1438 in
347 1363 479 1430 essentia
501 1385 555 1430 sua
571 1362 682 1431 nabes
705 1364 770 1428 Ens
790 1386 866 1430 vero
887 1387 960 1431 cote-

12 1501 14 1538 .
67 1453 193 1537 tingens
213 1451 367 1528 diximus,
392 1453 481 1538 quod
502 1451 710 1517 necessarium
730 1474 794 1534 non
817 1469 881 1528 est,
904 1473 961 1532 sets

12 1585 14 1622 ;
67 1537 155 1623 quod
181 1539 365 1604 existentiae
392 1561 467 1606 suae
495 1541 651 1605 rationein
670 1537 875 1604 sufficientem
897 1561 961 1604 non

65 1623 161 1692 hebet
182 1630 214 1692 in
236 1649 292 1694 sua
312 1627 466 1707 essentia,
487 1627 543 1694 sed
562 1628 670 1692 inalio
685 1645 759 1695 ente
772 1649 790 1691 a
805 1649 838 1691 se
854 1625 974 1692 diver--

66 1735 112 1778 so.
137 1715 247 1792 Quare
268 1737 321 1797 ens
348 1737 441 1782 omne
465 1734 514 1782 est
537 1717 744 1782 necessarium
766 1716 815 1780 nel
835 1718 961 1779 contin-

67 1821 153 1888 gens.
179 1803 223 1868 Et
246 1802 370 1889 quidem
394 1825 446 1869 ens
468 1796 700 1882 necessarimm,
718 1823 824 1892 'quum
846 1803 960 1869 habeat

66 1893 96 1952 in
121 1912 153 1957 se
176 1894 248 1980 ipso
268 1892 419 1960 tationem
440 1889 645 1958 sufficientem
670 1913 744 1956 suae
764 1893 960 1971 existentiae,

67 1981 96 2042 vi
116 1982 247 2067 propria
262 1980 389 2059 existit,
409 2001 463 2048 seu
484 1981 663 2065 sibimetipsi
685 1976 802 2046 sufficit
819 1979 859 2044 ad
874 1983 975 2046 exis··

67 2067 212 2135 tendum.
246 2071 290 2132 At
317 2089 370 2132 ens
399 2067 736 2158 contingensindiget
771 2070 801 2132 vi
835 2069 959 2136 alterius

67 2174 169 2235 entts,
194 2170 229 2218 ut
255 2156 377 2222 existat.
402 2202 405 2208 -
623 2209 630 2222 .

76 2273 82 2306 τ
111 2241 161 2308 ΙΙ.
208 2243 274 2308 Ens
294 2269 317 2310 a
341 2267 375 2310 se
396 2261 459 2313 est:
484 2265 565 2324 ens,
587 2241 677 2332 quod
693 2245 852 2310 rationem
867 2248 961 2310 exis·

66 2334 194 2396 tentiae
224 2354 305 2398 suae
338 2329 553 2414 sufficientem
576 2336 613 2397 e'n
639 2336 781 2396 essentia
814 2353 876 2398 sua
903 2332 963 2396 ha-

68 2419 150 2496 bet,
173 2441 228 2484 seu
253 2433 302 2484 est
324 2442 402 2498 ens,
431 2444 473 2485 eet
498 2413 589 2485 cuius
614 2422 755 2484 essentia
781 2425 963 2504 necessario
1065 2425 1067 2428 ’

55 2504 149 2593 flm't
176 2511 379 2586 existentia,
404 2509 447 2572 ita
475 2524 512 2570 ut
533 2508 656 2594 concipi
686 2529 750 2572 non
782 2510 879 2594 possit
906 2510 964 2574 nisi
1054 2563 1067 2586 Ν

69 2597 220 2660 existens.
243 2596 347 2668 Vnde
368 2614 477 2683 petet,
500 2617 553 2662 ens
570 2617 633 2660 ase
653 2593 735 2662 idem
758 2618 824 2662 esse
847 2620 884 2662 ae
908 2620 962 2664 ens

69 2683 306 2760 necessarium,
330 2705 366 2747 ac
381 2683 521 2768 ,proinde
542 2683 620 2748 illud
647 2686 677 2746 vi
699 2686 965 2771 propria2ettiste-

69 2789 127 2846 re,
159 2789 191 2836 et
224 2773 255 2832 vi
284 2773 410 2837 alterius
435 2771 476 2837 ad
501 2771 701 2837 existendum
726 2795 790 2836 non
816 2775 963 2865 indigere.

68 2854 170 2944 Igitur
209 2862 334 2925 arettas
372 2878 444 2925 ests
481 2857 749 2946 independenrr'a·
769 2865 967 2926 existentiae
1041 2898 1043 2900 ·

68 2947 113 3011 ab
138 2943 225 3024 alio,
249 2968 303 3012 seu
329 2965 395 3016 ests
415 2948 558 3037 id,·qrtn
582 2969 638 3012 ens
659 2964 805 3014 estates
831 2949 900 3014 Ens
922 2951 975 3016 ab·

69 3032 138 3100 alio
153 3055 215 3100 este
231 3034 323 3100 titud
330 3077 339 3114 ,
356 3035 625 3124 pendentium
639 3033 856 3118 sufficientem
877 3041 968 3103 exis·
