2298 3418
280 193 369 246 ιω
389 193 417 243 t.
440 191 601 244 neten.
626 191 703 242 est.
727 189 780 242 tv.
911 185 956 269 ’ῃ

1 301 3 312 ‚
102 269 221 362 fletae
237 269 537 358 autcontingtttres.
563 261 702 334 interna
724 259 837 332 relatio
857 283 961 330 voca·

1 367 2 372 ’
116 377 194 426 rur:
225 356 313 439 ilia,
341 378 427 450 quae
442 379 485 422 en
500 356 576 442 ipsa
588 357 639 422 rei
651 365 776 420 natura
790 353 959 438 dimanar,·

117 450 147 515 si
184 469 298 538 nempe
325 467 360 512 re
388 444 443 511 illa
481 443 615 511 existere
651 439 702 508 vel
732 441 860 531 concipi
893 462 960 513 non

118 537 253 630 possit,
284 534 343 601 uisi
362 555 438 600 curn
460 532 574 599 ordine
596 529 738 622 quodam
759 531 801 598 ad
823 533 961 622 aliquem

120 627 316 692 terminums
344 621 387 688 ita
413 621 494 688 lilius
515 620 556 688 ad
574 637 716 709 patrem,
742 619 875 687 effectus
891 645 963 688 orn·

117 714 169 782 nis
190 713 231 779 ad
253 733 393 779 causam.
421 708 584 777 Externa
609 709 723 776 relatio
748 707 892 775 diciturt
920 707 963 776 tt-

117 800 160 870 la
185 824 271 891 quar
297 803 340 868 ab
364 796 536 868 intellectu
557 793 688 952 triopae
713 797 872 864 hominum
898 819 964 866 at·-
1028 800 1033 810 “

115 893 222 960 bitrio
240 888 392 978 pendete
424 887 468 953 ita
491 885 602 953 relatio
641 885 708 954 auri
735 905 776 1038 ap
800 909 895 955 ensae
919 885 964 956 ad

119 977 319 1056 tabernam,
346 977 389 1042 ita
424 976 533 1043 relatio
564 975 653 1042 uocis
687 971 728 1040 ad
773 908 799 1042 i

123 1071 164 1133 ee
191 1087 394 1156 expressam,
422 1081 554 1132 externa
574 1079 607 1132 et
634 1063 818 1154 contingens
841 1063 963 1132 censeri

123 1151 239 1222 debet.
266 1154 430 1222 Praeterea
461 1153 571 1220 relatio
599 1151 748 1220 dividitur
777 1152 807 1217 in
835 1157 963 1223 increa-

124 1255 199 1310 tam
224 1259 256 1310 et
283 1257 441 1310 creatam.
471 1239 615 1309 increata
643 1242 706 1309 sive
735 1241 841 1310 divina
875 1265 963 1334 qua·

123 1331 265 1422 dtnplex
291 1351 367 1411 est3
397 1345 446 1395 tut
476 1331 559 1398 euim
584 1348 657 1397 sunt
683 1331 714 1395 in
737 1331 809 1398 Deo
832 1333 965 1400 relatio·

123 1441 206 1500 tres,
235 1419 325 1510 quod
353 1435 428 1485 sunt
453 1420 577 1485 ordines
602 1441 655 1486 seu
680 1437 855 1508 respectus.
884 1423 965 1491 Sunt

125 1527 233 1576 autem
263 1509 294 1574 iu
328 1509 402 1575 Deo
430 1527 570 1596 quatuor
602 1507 727 1590 ordines
753 1529 808 1574 seu
836 1531 965 1598 respec-

124 1613 208 1675 tus,
234 1601 428 1688 paternitas
458 1597 601 1662 nimirum
617 1641 629 1676 ,
646 1593 796 1682 filiatio,
825 1597 966 1688 spiratio

125 1691 240 1756 activa
259 1730 269 1766 ,
301 1703 332 1752 et
348 1689 489 1774 spiratio
500 1687 637 1773 passiva
655 1709 663 1751 s
693 1689 805 1772 nempe
821 1687 966 1775 paterni-

127 1789 177 1840 tas
193 1773 399 1841 essentialiter
411 1771 547 1841 refertur
564 1773 605 1840 ad
619 1773 803 1840 filiationem
811 1785 826 1856 ',
856 1775 967 1843 filiatio

129 1863 173 1930 ad
192 1864 440 1950 paternitatem,
471 1864 602 1950 spiratio
626 1867 728 1931 activa
751 1863 791 1930 a'd
806 1862 968 1954 'spiratio-

129 1971 202 2018 nem
217 1952 372 2040 passivam
390 1997 401 2029 ,
428 1967 460 2016 et
480 1953 612 2015 vicissim
632 1952 760 2042 spiratio
778 1955 903 2042 passiva
925 1953 968 2023 ad

127 2039 336 2130 spirationem
352 2040 499 2106 activam.
529 2040 579 2106 De
594 2041 654 2107 fide
671 2059 717 2107 est
733 2059 845 2108 contra
861 2043 969 2111 sabel-

127 2130 230 2196 lianos
241 2173 253 2208 ,
281 2129 311 2192 in
334 2128 445 2198 divinis
468 2129 591 2195 realiter
613 2129 762 2220 distingui
787 2133 968 2216 relationes,

122 2219 368 2310 paternitatem
386 2219 526 2296 scilicet,
548 2211 774 2302 filiationem,
800 2237 832 2288 et
853 2227 969 2310 spira-

129 2311 250 2374 tionem
276 2309 455 2392 passivam.
482 2305 525 2370 Et
551 2306 680 2392 quidem·
704 2306 803 2394 prima
834 2330 969 2394 persona

1 2425 4 2465 ι
132 2393 339 2478 distinguitur
359 2417 376 2459 a
403 2395 564 2473 secunda,
595 2392 686 2480 quod
704 2392 744 2459 sit
761 2391 883 2484 Parer5
917 2418 971 2463 se·

1 2513 3 2552 r
133 2482 258 2559 cunda,
284 2484 372 2570 quod
387 2486 426 2547 sit
444 2484 561 2561 Filius;
582 2481 695 2564 tertia,
717 2481 807 2572 quod
821 2483 860 2549 sit
874 2485 972 2574 Spiri-

133 2591 188 2640 tus
202 2573 357 2648 Sanctus3
383 2572 440 2637 sed
455 2575 555 2663 prima
571 2618 580 2651 ,
604 2577 765 2650 secunda,
789 2575 882 2641 tertia
897 2596 973 2665 per·

134 2681 214 2726 sona
244 2681 315 2724 sunt
346 2661 464 2742 Pater,
499 2659 593 2726 Filius
623 2664 811 2750 etSpirirus
837 2665 973 2732 Sanctus

134 2769 195 2842 per
224 2751 415 2826 relationess
446 2751 545 2840 prima
573 2748 719 2816 nimirum
748 2773 806 2839 per
830 2755 976 2841 paterni-

136 2853 257 2916 tatem,
281 2839 419 2905 teeunda
437 2861 494 2928 per
510 2839 708 2918 illationem,
724 2841 817 2906 tertia
834 2864 892 2926 per
907 2843 976 2929 spi-

112 2928 295 2996 tationem
316 2928 490 3015 passivam.
518 2926 604 3010 Quia
620 2947 727 2997 autent
743 2931 873 3019 spiratio
895 2930 977 2996 acti·

797 997 865 1041 tam
897 997 965 1042 VO-
