2300 3506
872 303 914 376 u

80 413 262 558 ''untun
312 460 450 556 Pius
501 459 913 558 ruinosouuue

356 669 645 782 LOGICA

455 901 545 962 SEV

132 1023 484 1146 unuosonnn
522 1065 858 1150 amonius

346 1253 585 1336 QVAESTIO
622 1253 650 1322 I.

322 1427 382 1534 De
401 1447 523 1501 natura
540 1432 671 1521 logices.

83 1603 257 1775 Varios
285 1697 369 1762 inter
395 1606 563 1776 humida,
590 1692 647 1783 qui
670 1689 766 1760 nullis
794 1695 918 1786 logicae

86 1787 267 1868 praeceptis
282 1785 402 1864 adiuti,
431 1786 663 1875 investigandae
683 1785 806 1849 veritati
834 1787 913 1852 dant

86 1889 246 1953 operam,
278 1873 355 1956 aiios
377 1875 519 1940 videmus
540 1891 694 1962 perpetua
719 1869 782 1940 fere
798 1874 912 1938 tuentis

84 1956 219 2046 caligine
243 1959 415 2040 laborate;
446 1963 523 2028 aiios
549 1963 711 2028 veritatem
735 1986 753 2028 e
778 1960 914 2029 tenebris

83 2043 220 2113 feliciter
234 2070 368 2128 eruere,
396 2071 463 2115 earn
483 2049 641 2115 inventam
660 2051 808 2138 expedite
832 2071 914 2138 pro-

81 2155 205 2220 ponere
227 2155 322 2222 atque
339 2139 510 2226 explicare.
540 2137 592 2202 Ex
613 2137 675 2202 hoc
697 2138 822 2204 diverso
842 2155 916 2202 stu-

81 2222 212 2288 diorum
234 2247 379 2290 successu
403 2226 602 2292 manifestum
618 2227 679 2304 fit,
708 2227 820 2290 mentis
834 2246 916 2290 nos„

81 2326 154 2376 rrae
168 2313 368 2400 operationes
383 2315 562 2380 certissimis
576 2313 691 2400 regulis
706 2311 818 2402 dirigi,
840 2335 915 2380 eas·

77 2397 225 2486 demque
262 2404 383 2491 regulas
424 2402 465 2466 ab
498 2405 532 2466 iis
566 2403 658 2466 etiam
696 2421 759 2464 non
796 2401 916 2467 advet-

77 2491 225 2554 tentibus
239 2492 377 2568 servari,
392 2492 446 2578 qui
456 2490 577 2556 veritati
590 2487 797 2556 inveniendae
809 2509 917 2554 assue-

76 2577 104 2640 ti
127 2596 212 2641 sunt.
241 2579 377 2644 Perinde
399 2579 452 2642 hic
468 2599 595 2644 sese-tes
610 2578 724 2656 habet,
746 2575 830 2641 acin
846 2597 916 2642 mo·

79 2663 170 2728 ribus
191 2667 343 2752 organicis
363 2669 507 2756 corporis
523 2667 622 2734 nostri
638 2713 648 2743 ,
673 2667 726 2751 qui
741 2665 933 2736 secundum.

80 2772 187 2818 certas
204 2756 286 2843 leges
303 2756 465 2842 plerisque
476 2755 653 2820 hominibus
669 2755 789 2844 ignotas
804 2751 915 2820 absol..

80 2860 214 2906 cuntur.
240 2843 518 2921 Quemadmodum
535 2865 610 2908 vero
625 2845 776 2928 quaedam
796 2861 866 2906 sont
881 2847 914 2908 io

72 2952 216 3018 corpore
237 2953 352 2996 nostro
366 2933 405 2995 ad
427 2953 531 3000 motus
545 2933 709 3020 organicos
726 2930 936 3015 dispositioq„
972 2935 975 2942 '

79 3039 132 3086 nes
148 3065 158 3102 ,
186 3045 272 3111 quae
288 3022 359 3087 sine
373 3022 579 3172 exercitioBex
599 3018 735 3112 aliorum
749 3017 914 3085 homiuum

555 3127 574 3170 ι
903 3120 904 3124 ,
