2258 3428
248 187 332 234 ress
351 188 381 233 t.
402 187 563 235 sources.
586 187 660 235 esr.
684 189 728 236 rt.
861 169 903 266 67

64 277 206 344 cumque
231 257 367 342 invicem
390 276 590 346 comparatas
618 261 786 325 relationes
801 261 907 350 pluri·

68 348 299 415 maeinteresse
310 365 447 432 possunt
461 393 470 426 ‚
482 348 628 414 nimirum
642 351 724 415 inter
746 369 792 416 tes
805 372 908 438 quat·

69 457 200 522 cumque
212 435 334 525 aliquid
355 435 487 502 interest
506 436 767 517 convenientiae,
782 440 832 506 vel
848 440 910 506 dis·

73 526 257 612 crepantiae.
295 525 381 588 Hinc
415 545 462 592 tes
490 527 542 591 vel
573 526 683 594 similes
712 546 821 608 sunt,
856 527 909 598 vel

72 615 254 693 dissimiles,
271 613 324 680 vel
340 611 419 679 aliae
439 613 502 678 aliis
518 616 667 694 maiores,
683 617 735 684 vel
759 619 908 698 minores,

68 705 115 770 tel
140 704 293 790 aequales
318 748 329 781 ,
359 721 459 792 atque
486 704 528 769 ita
558 705 728 772 relationes
753 705 910 796 plurimae

65 809 205 883 possunt
228 789 374 879 intelligi.

106 879 157 946 ll.
206 879 299 946 Inter
319 881 395 958 illa,
424 899 507 964 quae
532 879 564 945 in
590 879 736 946 subiecto
751 899 910 970 perpetua

63 989 135 1036 sunt
158 985 192 1034 et
224 965 404 1033 necessario
422 987 573 1048 manent,
599 969 727 1056 concipi
752 969 832 1037 solet
847 973 909 1036 ali-

61 1059 158 1147 quod·
175 1055 365 1120 attributum
381 1057 588 1142 primarium,
604 1059 833 1148 quodcumque
856 1063 908 1144 sit,

65 1169 109 1213 ex
133 1167 203 1234 quo
224 1147 409 1234 profluunt,
434 1146 574 1232 pendent
596 1165 627 1214 et
655 1149 800 1214 oriuntur
822 1169 909 1216 cete-

68 1255 103 1300 ra
119 1233 276 1301 attributa
290 1234 459 1312 universa,
475 1254 665 1322 ceteraeque
682 1236 910 1328 proprietates.

64 1322 156 1390 Illud
181 1340 290 1389 autem
315 1323 452 1411 primum
474 1325 664 1390 attributum
690 1325 805 1406 estid,
821 1319 911 1416 quod

66 1417 248 1480 essentiam
272 1411 416 1480 dicimus.
439 1411 538 1489 Quod
565 1413 693 1501 quidem
720 1413 822 1500 probe
846 1437 911 1479 no-

67 1501 206 1566 tandum
221 1519 289 1580 est,
304 1518 344 1566 ne
360 1503 512 1568 essentiae
527 1523 642 1567 nomen
665 1500 860 1569 obscuritate
882 1519 915 1570 et

70 1589 340 1675 aequivocatione
362 1587 500 1654 laboret.
521 1587 573 1655 Ita
588 1588 755 1656 essentiam
771 1589 837 1652 auri
853 1611 917 1680 ap-

23 1716 26 1721 ,
72 1678 233 1763 pellamus
253 1677 287 1741 id
308 1699 419 1756 omne,
444 1678 670 1766 quodcumque
695 1677 753 1760 sit,
776 1679 865 1742 cuius
886 1680 918 1744 ti

75 1785 192 1828 turum
216 1785 252 1830 ea
275 1766 376 1832 omnia
400 1765 498 1832 habet
514 1768 669 1833 attributa
684 1787 799 1856 easque
814 1766 917 1836 affec-

76 1851 205 1932 tiones,
233 1854 346 1942 quibus
372 1856 557 1943 praeditum
582 1875 640 1923 est.
665 1858 696 1922 Si
719 1877 756 1923 ea
782 1857 919 1946 quaein

72 1942 221 2008 subiecto
244 1945 423 2010 necessario
444 1962 591 2024 manent,
612 1946 716 2012 omnia
730 1946 819 2010 simul
834 1968 920 2012 con-

69 2032 272 2112 sideremus,
294 2055 361 2097 non
377 2048 501 2097 attento
519 2032 674 2100 attributo
691 2033 862 2119 primario,
879 2057 921 2103 ex

69 2143 141 2209 quo
167 2123 361 2208 profluunt,
384 2121 534 2188 collectio
557 2124 610 2186 illa
625 2119 851 2188 attributorum
866 2145 922 2189 es-

70 2209 263 2278 sentialium
278 2211 393 2277 dicitur
407 2256 417 2289 ,
430 2215 572 2277 essentia
588 2207 760 2276 nominalis
776 2231 786 2288 3
803 2228 839 2274 ut
853 2211 923 2277 dis-

65 2302 243 2388 tinguatur
266 2297 307 2365 ab
327 2299 463 2366 essentia
487 2299 618 2388 proprie
642 2299 746 2374 dicta,
773 2301 924 2382 quae‘es·

67 2395 183 2458 sentia
199 2388 307 2454 realis
320 2387 476 2476 appellari
495 2388 586 2452 solet.
604 2387 655 2453 De
669 2385 728 2452 hac
742 2383 863 2472 duplici
876 2411 926 2455 es.

67 2482 174 2544 sentia
200 2473 313 2556 fusius,
322 2476 437 2544 deinde
452 2475 657 2563 tractpbirnus
672 2478 704 2542 in
720 2475 926 2565 metaphysi-

69 2589 123 2632 ca.
139 2565 279 2631 lnterim
289 2559 454 2633 obseruari
468 2565 611 2632 satisetit
619 2545 630 2644 J
640 2566 928 2632 nominalemdum·

70 2669 171 2721 taxat
196 2675 304 2721 rerum
329 2654 496 2724 essentiam
518 2655 669 2742 cognosci
686 2675 803 2745 posse,
820 2675 925 2742 neque

69 2746 241 2834 ingenuos
264 2744 478 2832 philosophos
505 2743 701 2832 ignorantiae
717 2763 790 2808 suae
806 2744 928 2830 pudere

70 2834 188 2900 debet.
214 2833 323 2899 Nemo
346 2833 427 2898 enim
452 2833 517 2898 sine
538 2834 716 2898 temeritate
742 2851 929 2916 praesurnee

72 2945 115 2989 te’
138 2937 273 3012 potest,
299 2919 357 2987 tibi
385 2938 461 2986 nota
487 2919 691 3070 esseEomnia
718 2917 764 2982 rei
796 2919 929 2984 alicuius

610 3027 628 3070 a
