2270 3416
237 129 299 206 148
518 142 705 190 rrtsrrrvr.
729 144 863 190 runos.
886 163 891 176 ·

232 219 322 285 tent?
348 211 410 278 Pro
438 209 548 279 fronde
569 216 662 278 unica
691 214 897 293 efformanda,
920 227 1017 300 quanta
1032 229 1060 272 u

233 310 371 394 gmtione
396 299 476 384 opus
497 300 574 379 luit,
599 321 633 366 ut
654 321 759 367 motus
786 324 891 368 omnes
914 323 961 384 per
979 317 1016 364 rot
1030 320 1062 361 ste

234 399 309 458 cula
327 394 531 478 perdurantes
551 413 623 454 eum
647 391 713 454 aliis
734 392 877 466 omnibus
895 387 1064 476 motibusarctt

233 480 391 556 connexi,
409 481 549 542 minimas
565 481 712 544 materiae
733 482 900 566 particulas
914 497 987 544 ceno
998 495 1023 538 ac
1037 475 1064 536 de

234 573 403 636 terminato
431 585 574 650 ternpore
596 571 634 630 ad
657 571 761 631 datam
782 565 922 634 frondem
945 563 1064 654 producet·

234 657 307 724 da'm
333 657 547 719 adducerent?
569 655 676 739 rond
703 656 827 720 tandem
850 654 1064 744 cogitandunno·

233 745 279 833 bis
305 765 349 808 est
380 745 419 806 de
442 743 476 806 iis
495 789 504 816 ‚
521 745 560 806 ad
577 766 658 828 quae
675 745 752 807 nulii
769 747 867 809 nostri
887 737 1064 827 sensuspenin-

233 852 332 921 gunt,
357 854 439 916 quae
455 831 701 912 telescopiorum
723 853 753 896 er
770 833 1064 918 microscopiotunpo·

232 939 379 1002 testatem
410 917 554 1006 fugiunt?
579 919 681 982 Huius
695 939 799 984 autem
813 919 973 1009 argumenti
986 917 1063 977 vitut-

231 1011 313 1074 xlma
340 1011 432 1096 magis
459 1029 493 1069 ac
512 1010 607 1094 magis
632 1007 900 1081 demonstrabitur
929 1009 956 1070 in
975 1001 1062 1092 pipin,

231 1097 284 1163 ubi
311 1097 549 1182 puleherrimam
567 1094 688 1181 sibique
705 1100 780 1162 mire
794 1097 1016 1164 consentientem
1026 1084 1062 1150 iil

230 1185 311 1250 versi
335 1184 587 1272 singularumque
611 1185 745 1272 partium
763 1186 986 1274 dispositionem
1004 1173 1062 1260 expl-

230 1274 382 1338 cabimus.
1050 1345 1054 1359 Ι

299 1363 348 1426 Ad
377 1359 654 1424 demonstrandam
683 1360 741 1426 Dei
766 1363 958 1429 existentiam
977 1351 1080 1444 plurius

229 1449 419 1538 argumentis
447 1465 578 1512 utuntur
604 1447 809 1535 philosophi,
834 1475 934 1540 eaque
955 1445 1080 1514 desumunt}

228 1561 266 1604 ex
285 1555 395 1614 motu,
413 1559 450 1599 est
465 1557 558 1600 causa
573 1534 725 1602 eliciente
740 1583 749 1614 ‚
767 1562 806 1604 ex
820 1536 1063 1628 contingentium
1079 1529 1080 1568 3

229 1631 389 1702 cessario,
407 1646 444 1689 ex
467 1625 578 1688 ordine
592 1642 624 1702 et
646 1625 881 1712 pulchritudine
909 1619 1032 1696 universi,
1045 1627 1063 1675 ti

179 1731 183 1739 '
229 1716 349 1792 entium
368 1713 574 1799 spiritualium
596 1715 681 1790 idea,
702 1737 740 1778 er
758 1716 827 1780 idea
853 1717 922 1782 Dei.
949 1715 1018 1778 Patet
1032 1721 1063 1765 2⁰·

228 1819 311 1876 tem,
338 1801 415 1866 baec
442 1801 547 1866 omnia
572 1822 826 1888 argumentorum
849 1827 956 1893 genera
974 1802 996 1868 in
1014 1809 1063 1880 put

223 1890 411 1966 ,cedentibus
438 1889 757 1956 demonstrationibus
782 1895 946 1958 contineri.
970 1888 1080 1974 Dentri]

223 1982 412 2055 semermes,
429 1999 510 2066 quae
527 1999 566 2042 ert
582 1981 659 2042 entis
678 1981 842 2046 necessarii
859 1999 888 2046 et
908 1968 1064 2068 perfectissimi

225 2069 357 2130 notione
377 2065 607 2142 desumuntur,
630 2068 868 2156 metaphysicae
885 2053 1063 2147 solentrpelt·

225 2155 262 2219 ti.
288 2149 447 2219 Dicuntur
461 2174 564 2218 autem
577 2153 747 2242 physicae,
763 2159 785 2220 si
801 2179 838 2222 ex
862 2154 963 2222 mundi
976 2138 1064 2240 pulchri

225 2244 336 2310 tudine
367 2260 396 2308 et
425 2242 536 2306 ordine
567 2246 782 2324 desumuntur.
813 2243 952 2311 Tandem
976 2225 1064 2304 mrrrltl

226 2333 450 2419 appellantur,
472 2332 494 2393 si
509 2353 546 2394 ex
562 2331 827 2417 philosophorum
840 2334 1063 2423 gentiumqreoe

224 2420 312 2486 nium
333 2440 492 2486 consensu
515 2419 726 2484 deducantur.
819 2452 821 2457 ·

215 2575 239 2598 ·’
304 2592 619 2662 SOLVVNTVR
651 2586 1024 2666 ourucrrourt·

289 2767 415 2834 obsecr.
458 2791 484 2836 r.
521 2769 695 2836 Existentia
724 2771 782 2838 Dei
815 2766 1004 2839 demonstrati
1024 2767 1064 2822 1¹⁰⁸

215 2869 345 2942 ¹potest,
362 2857 415 2919 nisi
430 2858 556 2940 cognita
573 2857 612 2920 sit
630 2860 723 2942 ipsius
738 2866 867 2926 essentia
881 2883 980 2948 „quae
996 2851 1065 2919 rhet·

222 2943 346 3026 istentia
382 2965 445 3006 non
469 2943 691 3030 disztinpuitur3
719 2949 773 3013 sed
800 2925 1068 3038 incognttrmutssl·

221 3039 288 3110 iem
312 3026 415 3092 mituli
439 3048 530 3106 certo
558 3035 684 3120 cognita
708 3057 754 3102 est
776 3040 911 3104 essentia
938 3036 990 3102 Dei
1009 3033 1070 3114 quun
