2264 3420
167 113 228 173 104
389 93 410 101 ''
435 93 627 168 instratu.
659 105 797 154 notros.
1115 159 1116 166 ἵ

166 185 279 250 tarium
309 200 374 244 non
390 179 497 242 'tollat
513 178 594 254 ,sed
612 177 780 242 dumtaxat
795 174 933 254 liberum
970 176 1085 241 stricte
1115 197 1116 266 j

169 291 307 338 tumtum
323 316 334 346 ,
348 267 435 350 quod
464 268 501 330 tit
525 287 565 330 ex
592 265 758 332 electione.
781 260 935 332 stramen
953 265 1013 330 iila
1026 289 1087 330 ne·
1115 293 1116 298 ¹

169 360 297 424 cessitas
329 358 368 420 sit
395 372 517 419 tanturn
544 353 751 442 ¹hypothetica
767 399 778 431 ‚
794 354 984 419 libertatem
1018 375 1084 417 non

165 447 279 512 laedit.
301 446 349 514 V.
379 467 408 532 g.
438 464 474 508 ex
492 441 813 530 ·hyp0titesi‚quod
841 465 894 508 me
922 443 969 508 ad
1002 445 1083 506 scri-

166 537 310 602 bendum
336 531 609 598 detetrninaretim
624 531 827 611 „necessario
851 531 997 611 scribo,
1030 530 1082 595 sed

169 625 249 690 haec
279 627 442 688 necessitas
473 619 598 686 minime
623 619 730 682 obstat
743 664 752 697 ,
766 624 939 708 quominus
957 621 1078 704 possint

171 714 307 779 scribere
334 710 386 776 vel
414 707 614 773 ascribendo
630 708 795 774 abstinere.
810 707 925 786 Quare
940 709 1076 774 liberum

171 799 331 865 arbitrium
360 799 390 861 in
420 819 469 862 me
494 813 633 862 remanet
651 841 661 875 ‚
678 796 755 861 dunt
771 817 915 862 remanet
934 813 1075 885 potestas

173 887 308 975 eligendi
326 931 335 965 ,
351 905 431 974 quae
460 885 493 950 in
522 905 561 948 eo
589 888 722 951 maxime
749 885 922 966 consistit,
941 903 982 952 ot
1004 884 1072 972 quis

175 995 282 1042 actum
311 993 455 1040 exercere
486 973 583 1058 possit
610 976 660 1038 rel
686 976 842 1039 omittere.

218 1068 272 1135 V.
318 1062 477 1128 Libertas
502 1065 694 1142 erectionis,
711 1083 767 1128 seu
803 1060 948 1127 itteram
989 1063 1074 1127 arbi·

174 1159 274 1221 triam
301 1170 385 1217 recte
411 1148 589 1215 diciturur's
612 1148 750 1216 electiva
765 1151 817 1228 ,id
833 1167 879 1216 est
894 1197 908 1228 ,
916 1146 1074 1230 factitias

174 1241 321 1330 eligendi
345 1261 442 1303 unam
468 1259 552 1325 prae
580 1236 658 1304 alia.
687 1239 797 1317 Quum
821 1235 937 1312 'autem
963 1239 1075 1304 eiectio

176 1330 236 1395 alia
262 1331 299 1392 sit
315 1328 353 1392 ad
369 1326 523 1408 agendum
535 1326 586 1391 vel
598 1349 661 1391 non
671 1328 825 1415 agendum
836 1327 915 1404 ,alia
941 1347 1024 1391 vero
1038 1327 1075 1392 ad
1115 1355 1116 1402 ἢ

176 1417 332 1506 agendum
362 1417 423 1480 hoc
448 1415 499 1480 vel
529 1415 608 1480 iilud
624 1415 707 1494 ,hoc
730 1418 781 1481 vel
804 1416 859 1481 ilio
873 1414 1000 1493 modo;
1015 1416 1075 1481 du·
1115 1403 1116 1442 ¹

176 1509 252 1612 pleri
280 1502 482 1593 distinguitur
511 1503 635 1569 libertas
651 1503 767 1568 arbitrii
784 1549 794 1582 ,
809 1503 973 1572 electionis
992 1550 1002 1580 ‚
1023 1524 1073 1570 seu

176 1593 415 1662 indifferentiae.
440 1591 545 1656 Altera
571 1593 611 1657 ad
637 1592 792 1681 agendum
823 1592 875 1658 vel
891 1613 961 1656 non
977 1614 1073 1680 agen-

177 1683 255 1750 dum
270 1731 282 1762 ,
298 1706 380 1770 quae
396 1695 528 1748 vocatur
542 1679 667 1746 libertas
693 1679 966 1748 contradictionis
983 1727 993 1760 ‚
1008 1682 1075 1768 quia

177 1793 270 1861 agere
298 1791 327 1838 et
356 1792 419 1836 non
441 1789 531 1858 agere
546 1787 619 1832 sont
641 1769 894 1836 contradictoria.
913 1769 1028 1834 Altera
1041 1769 1075 1834 ad
1114 1815 1115 1840 2

177 1863 338 1949 agendum
366 1858 428 1923 hoe
457 1863 506 1922 vei
521 1858 599 1922 iliud
614 1903 622 1935 ,
639 1856 701 1924 hoc
715 1858 765 1924 vel
789 1857 844 1922 ilio
860 1857 961 1922 modo
977 1904 988 1934 ,
1003 1881 1035 1922 v.
1047 1881 1073 1946 g.
1114 1859 1115 1862 ’

182 1951 222 2014 ad
250 1948 419 2014 amandum
446 1947 495 2010 vet
519 1947 596 2010 odio
621 1945 830 2025 habendum,
856 1946 898 2010 ad
937 1947 1075 2031 loqueu-

183 2039 258 2102 dom
285 2037 335 2102 vei
364 2034 563 2102 scribendum
579 2057 590 2110 3
608 2057 689 2122 quae
717 2033 843 2100 libertas
857 2039 1076 2100 contrarieta-

182 2130 227 2191 tis
257 2124 305 2192 vel
318 2124 523 2204 diversitatis
539 2123 589 2188 vet
603 2120 855 2212 specificationis
884 2122 1073 2210 appellatur.

181 2213 270 2284 Nam
298 2235 372 2279 mox
400 2229 599 2281 enumeratae
627 2231 759 2276 actuum
779 2212 895 2299 species
921 2229 997 2274 sunt
1028 2209 1074 2277 rei
1114 2289 1115 2304 χ

183 2307 357 2370 contrariae
384 2303 434 2369 rel
464 2300 617 2368 diversae.
635 2300 879 2367 Observandum
895 2298 1002 2364 tamen
1020 2316 1074 2377 est,

183 2391 216 2454 in
243 2395 407 2480 posteriori
434 2388 581 2455 libertatis
624 2391 773 2454 exercitio
800 2387 876 2453 nibil
913 2409 1075 2453 occurrere

198 2497 310 2556 ¹raeter
324 2482 404 2545 duos
417 2493 504 2542 tetus
517 2476 643 2565 prioris.
651 2477 795 2558 Quando
806 2477 886 2542 eninr
900 2477 984 2540 malo
998 2477 1074 2540 scri·

183 2501 260 2633 bere
275 2589 368 2651 quarn
384 2569 494 2656 legere.
511 2567 553 2630 t.'⁰
578 2567 654 2631 noio
671 2587 753 2630 nunc
773 2567 898 2655 legere,
919 2565 988 2628 tt.⁰
1014 2585 1074 2629 tna·

184 2654 217 2722 lo
242 2657 512 2740 scribere‚quam
541 2657 769 2720 nonseribere.
1113 2723 1114 2736 χ

176 2763 179 2770 “
228 2741 299 2812 VI.
328 2739 493 2806 'Liberum
522 2742 682 2806 arbitrium
713 2740 834 2806 definiri
863 2755 993 2826 potest:
1029 2743 1074 2804 uir
1113 2741 1114 2758 ¹

185 2833 238 2894 sui
259 2832 363 2912 ipsius
398 2829 692 2907 determinantia,
720 2831 784 2896 sive
808 2849 881 2893 cum
910 2828 1073 2914 theologis:

173 2915 358 2996 facultas,
375 2935 460 3002 quae
490 2961 500 2992 ,
528 2922 646 3001 paritis
675 2919 817 2982 omnibns
845 2914 896 2980 ad
918 2918 1075 3003 aagendam

184 3005 434 3090 araerequist'tts
448 3044 458 3079 ,
470 3018 592 3088 potest.
604 3024 705 3094 agere
718 3001 772 3069 vel
797 3025 857 3070 nort
868 3023 992 3090 agere,
1012 3009 1075 3070 ἰηι-
