2270 3416
266 115 352 164 unns
366 111 585 162 noranta.
604 109 690 158 ones·
702 107 770 156 ιη.
906 111 968 182 127

64 183 176 266 uisum
199 182 304 267 buerit,
330 183 438 252 Habet
461 205 537 272 ergo
575 181 677 246 anima
706 177 886 246 facultatem
915 203 972 248 se·

67 293 104 338 se
139 274 361 353 determinand'r
390 272 429 338 'in
459 294 521 338 suis
548 265 752 350 politionibus
776 289 814 334 ac
839 269 972 334 nolitia·

71 358 169 426 nibus
182 385 193 440 3
216 357 353 450 ideoque
381 358 476 426 libera
501 376 560 429 est.

71 462 73 466 '
141 448 237 516 Prob.
267 471 298 516 2.
325 449 552 534 Experimento
568 446 739 532 intimoque
755 466 847 510 sensu
861 445 892 512 in
908 469 973 512 no-

67 534 116 603 bis
130 539 278 606 exsistere
295 539 446 616 ,novimus
467 533 643 626 perfectam
668 532 751 598 illam
781 531 971 616 libertatem,

68 645 133 711 qua
161 648 276 714 nempe
294 627 441 702 ¹voluntas
468 624 629 692 obiectum
657 622 786 708 aliquod
810 622 866 687 sibi
893 645 973 709 pro-

72 713 217 800 potitum
242 736 310 782 non
328 715 435 802 potius
462 714 600 804 eligere,
624 733 719 798 quam
735 733 882 798 respuere
895 733 973 797 pos-

69 801 121 866 sit.
148 803 274 870 Etenim
304 819 449 868 noatrum
479 799 613 889 quilibet
642 801 666 864 si
692 799 865 864 voluntatis
886 801 974 868 lodo·¹

67 888 132 972 lem
156 893 283 978 eiusque
308 891 388 966 vires
415 891 621 968 consideret,
645 889 813 974 perspicuo
837 910 910 954 sane
935 911 972 956 ae

69 978 179 1056 uiuido
204 1000 301 1056 ¹sensu
318 977 489 1067 percipiet,
502 1001 534 1052 ee
550 978 642 1066 plane
655 974 868 1051 liberumesse
882 999 974 1044 suae-

71 1087 137 1152 que
162 1067 428 1134 determinationis
446 1063 751 1146 dominum.,sensus
768 1062 860 1128 huius
873 1064 972 1132 intimi

71 1171 184 1226 testem
209 1155 405 1244 appellemus
420 1156 586 1242 puerulum
609 1153 744 1238 aliquem
758 1174 775 1216 a
791 1153 972 1238 parentibus

71 1241 323 1327 reprehensum,
361 1241 450 1332 quod
488 1240 686 1315 mendacium
720 1241 900 1326 protulerit.
938 1239 971 1310 Ie

73 1334 343 1410 saneoecesitate
374 1352 486 1420 presus
511 1328 749 1401 excusationem
769 1349 833 1394 non
849 1348 971 1416 queret,

70 1439 179 1504 neque
204 1421 236 1484 in
262 1418 453 1506 proferendo
486 1417 650 1489 mendacio
677 1439 711 1482 se
738 1415 872 1484 liberum
905 1441 971 1486 uon

68 1503 165 1573 fuisse
192 1527 339 1597 reponet.
358 1509 489 1590 ,Contra
509 1526 614 1572 autem
642 1503 666 1568 sl
694 1503 806 1570 morbo
823 1527 970 1592 opressus

70 1592 243 1681 puniatur,
271 1594 362 1685 quod
386 1595 494 1663 studio
509 1615 648 1683 ,operam
665 1614 728 1658 non
744 1593 878 1672 dederit,
891 1593 923 1658 id
938 1617 971 1666 se

71 1681 179 1762 lacere
203 1706 268 1748 non
301 1686 441 1772 potuisse
469 1683 671 1758 uehementer
703 1681 851 1761 dolebit,
872 1701 970 1773 atque

71 1772 307 1860 castigationem
322 1771 467 1840 iniustam
485 1791 516 1839 et
536 1771 695 1840 crudelem
719 1791 807 1850 esse,
823 1793 970 1857 conque-

72 1877 169 1938 retur.
207 1861 339 1945 ,Vnde
366 1879 470 1928 autem
499 1859 717 1948 responsionis
745 1859 909 1936 diversitas
939 1863 970 1928 in

69 1948 235 2034 puerulo,
261 1949 315 2035 qui
344 1949 386 2015 de
413 1946 563 2014 libertatis
592 1948 772 2034 quaestione
797 1947 871 2014 nibil
898 1971 971 2016 um·

70 2045 168 2124 quarn
184 2037 325 2102 audivit?
347 2033 386 2102 In
403 2039 503 2124 primo
517 2057 591 2102 casu
605 2058 672 2102 sese
684 2035 816 2102 liberum
830 2041 971 2122 omnino,

68 2124 101 2190 in
130 2123 229 2202 altero
255 2125 401 2203 antemui
417 2123 517 2204 morbi
533 2141 680 2202 coactum
695 2125 859 2204 sentiebat.

137 2211 187 2276 Ex
213 2209 273 2278 hac
298 2213 367 2303 ipsa
393 2213 542 2280 libertatis
566 2213 638 2278 idea
659 2213 826 2300 intimaque
841 2235 971 2302 persua-

73 2299 162 2370 sione
199 2299 362 2370 hominum
402 2303 513 2366 meotis
549 2302 641 2366 infixa
673 2301 769 2366 veluti
804 2323 845 2368 ex
884 2301 972 2370 fonte
1075 2346 1077 2350 .

73 2388 213 2457 dimanat
241 2408 308 2456 turn
335 2389 511 2462 divinarum
539 2406 606 2454 tum
636 2387 841 2454 liumanarum
868 2388 991 2478 legum.

69 2477 266 2565 aequitas-,et
294 2477 341 2541 vis
365 2477 536 2566 obligandi.
549 2477 592 2542 Et
611 2477 739 2565 quidem
753 2475 811 2542 nisi
828 2479 857 2542 in
872 2477 973 2544 homi·

68 2564 164 2631 nibus
187 2588 224 2632 ea
238 2563 393 2632 libertatis
418 2568 536 2654 species
553 2585 584 2632 et
601 2566 714 2631 arbitrii
728 2568 772 2630 vis
793 2569 972 2652 exsisteret,

69 2675 150 2740 quae
175 2657 391 2722 necessitatem
419 2677 545 2720 omnem
562 2655 729 2734 excludatt
757 2678 890 2744 prorsus
909 2657 972 2724 ini·

37 2753 41 2758 ·
69 2761 170 2828 quum
197 2740 309 2810 fuisset
337 2744 561 2810 determinatos
593 2744 748 2830 quosdam
780 2765 869 2812 actus
897 2746 986 2834 ipsisx

69 2831 306 2918 praescribere,
331 2849 363 2898 et
388 2831 482 2919 longe
503 2831 638 2919 iniquius
653 2853 771 2919 poenas
788 2833 827 2898 ab
847 2835 882 2898 iis
902 2837 972 2901 exi-

69 2940 165 3007 gere,
178 2921 231 3004 qui
244 2937 332 2985 actus
348 2919 419 2984 illos
443 2921 552 2988 elicere
568 2921 789 3008 neglexissent.
804 2919 863 2987 Ille
879 2925 972 2988 nimi-

4 3095 10 3099 ·
72 3027 159 3086 rum,
186 3008 241 3094 qui
266 3009 368 3095 legem
394 3008 566 3089 violasset,
582 3006 673 3078 facile
700 3025 756 3074 aut
779 3007 896 3074 homini
917 3026 972 3080 aut
