2258 3428
255 154 336 204 aaut
361 155 377 201 a
404 148 567 200 tontum.
590 151 669 202 oar.
689 153 741 200 rt.
875 155 914 224 71

62 218 267 290 terminatam
299 227 554 312 restringantur,
577 219 638 288 iam
664 221 801 290 habetur
825 225 916 292 notio

65 310 233 378 individui.
255 311 304 380 Ita
324 315 355 378 si
377 311 530 378 attributa
551 312 667 398 speciei
690 313 845 378 humanae
863 313 917 378 in-

69 399 202 466 diuiduis
216 405 425 481 communia,
442 403 595 486 temporis
611 420 663 464 ant
682 402 743 468 loci
759 399 919 467 circums-

72 489 173 554 tantiis
197 491 411 568 determinata
427 489 657 576 intelligamus,
672 491 834 580 singularis
852 491 918 556 ho-
957 537 961 546 .

16 604 19 612 ·
74 579 154 641 ruinis
182 577 259 648 idea
289 577 490 646 formabitur.
518 577 604 642 Hinc
631 579 752 666 liquet,
789 579 917 646 indiui-

69 665 167 732 duam
195 691 266 735 esse
280 691 336 735 ens
352 667 533 734 omnimode
547 667 808 746 determinatum,
821 672 918 758 prin·

67 758 189 841 cipium
205 775 314 824 antem
331 757 625 836 indiuiduetiom's,
642 756 683 822 de
700 778 767 844 qno
782 776 832 822 tot
844 777 918 824 aaa·

65 859 133 910 tant
164 844 199 908 in
226 846 344 911 scholis
369 847 610 923 altercationes,
640 845 718 910 nihii
746 845 832 910 aliud
863 867 918 912 es-

64 953 117 1011 se,
140 933 203 998 nisi
225 937 450 1011 omnimodam,
464 933 772 1000 determinationem
792 931 917 1016 eorum,

65 1041 149 1108 quae
176 1021 323 1088 subiecto
346 1023 439 1088 alicui
463 1021 636 1088 inhaerent.

112 1106 187 1176 VI.
234 1111 284 1174 Ex
318 1111 581 1199 praecedentibus
618 1107 817 1176 manifestum
857 1129 918 1191 est,

66 1199 168 1260 uarias
198 1199 447 1284 considerandas
470 1221 538 1266 esse
561 1197 848 1268 determinationes.
866 1197 918 1264 11-

66 1283 115 1350 lae
138 1287 262 1352 scilicet
285 1290 581 1367 determinationes,
604 1289 721 1376 quibus
745 1288 832 1352 datis
858 1309 917 1374 po·

66 1377 153 1440 nitur
188 1377 413 1456 individuum,
451 1377 653 1443 constituunt
691 1373 916 1465 differentiam

68 1468 295 1544 numericam,
324 1487 387 1553 qua
413 1487 529 1550 nempe
559 1464 754 1530 individuum
784 1465 824 1528 ab
853 1465 918 1528 alio

71 1551 219 1632 quolibet
243 1554 453 1644 distinguitur.
468 1556 606 1621 Ceterae
623 1574 700 1618 vero
716 1551 919 1616 determina-

73 1639 205 1716 tiones,
231 1641 346 1724 quibut
369 1643 448 1708 datis
477 1641 620 1708 nondum
644 1639 777 1730 ponitur
799 1638 920 1704 indivi-

78 1722 204 1802 duum,
240 1729 271 1792 in
300 1737 485 1816 genericam
523 1750 555 1796 ea
588 1725 776 1816 specificam
810 1724 914 1816 diffe-

78 1816 222 1878 rentiam
241 1817 432 1890 diuiduntur.
457 1819 641 1888 Differentia
668 1817 812 1906 specifica
833 1835 918 1882 uon-
971 1899 974 1907 Δ
1014 1854 1018 1864 ·

78 1902 157 1966 tinet
171 1905 449 1974 determinationes
461 1901 566 1994 ,quae
581 1910 683 1996 generi
698 1907 828 1972 additae
842 1927 918 1994 spe·

73 1989 158 2058 ciem·
177 1997 399 2074 constituunt;
422 2015 455 2064 et
478 1995 651 2062 differentia
668 1995 814 2084 generice
828 2015 916 2059 con-

72 2079 156 2146 tinet
182 2081 476 2163 determinationes,
506 2085 619 2174 quibus
649 2104 746 2170 genus
771 2083 917 2168 superius

72 2167 108 2232 fit
133 2167 495 2260 inferiun'Principium
520 2193 626 2240 autem
656 2169 915 2238 individuationit

69 2259 302 2348 complectitur
327 2262 523 2330 differentias
550 2261 660 2326 omnes
688 2258 745 2323 sibi
775 2261 917 2324 numeri-

67 2367 142 2426 eas,
170 2349 243 2414 sive
264 2353 423 2434 specificas
440 2397 449 2427 ‚
467 2353 532 2416 sire
549 2351 718 2438 genericas.
742 2344 780 2410 In
798 2367 836 2412 eo
854 2347 918 2436 igi-

70 2451 124 2500 tur
145 2437 348 2502 individuum
371 2439 475 2506 differt
500 2439 539 2504 ab
558 2438 742 2516 uniuersali,
770 2434 859 2521 quod
880 2437 918 2500 ii·

70 2523 131 2588 lius
154 2528 245 2590 notio
268 2525 345 2590 nibil
368 2529 526 2608 involvat,
547 2527 636 2613 quod
659 2525 782 2592 nonsit
807 2527 918 2590 deter-

72 2611 247 2692 minatum3
272 2615 305 2676 in
327 2617 494 2683 universali
519 2635 625 2682 autem
649 2615 805 2704 quaedam
825 2613 918 2682 inde·

71 2703 242 2767 terminata
266 2707 438 2790 supersint.
612 2753 615 2760 -
773 2727 776 2730 ·

79 2827 82 2834 ,
114 2788 207 2860 VII.
254 2792 333 2868 Quo
359 2793 489 2858 artificio
512 2813 598 2856 mens
620 2791 705 2856 ideas
724 2787 917 2856 universaiet

72 2878 239 2968 adquirat,
263 2899 306 2944 ex
333 2879 422 2946 dietis
449 2881 645 2970 intelligitur.
670 2880 807 2956 Omnia,
834 2899 919 2962 quae
