2326 3438
218 116 283 192 266
458 138 649 202 tttsrtrrr,
671 137 807 194 aureos.
840 195 854 202 „
896 197 903 205 ,

214 225 248 274 te
271 202 461 289 aestimare,
489 231 580 278 etex
608 210 715 296 paucis
741 207 901 300 principiis
926 222 1050 298 certans

212 296 453 364 conclusionem
479 299 639 366 deducere
667 306 832 384 possimus.
861 300 1048 366 Ostenden-

214 385 291 452 dum
317 387 412 452 etiam
436 405 510 466 est,
536 411 601 476 qua
627 390 747 456 ratione
769 389 920 474 plurimae
944 389 1054 472 ideae,

208 475 349 564 plurima
371 475 487 542 iudicia
511 498 549 554 ac
571 477 730 542 ratiocinia
756 475 949 564 disponenda
971 479 1053 559 sint,

212 583 250 630 ut
278 585 335 651 per
361 586 422 642 ea,
451 568 541 654 quasi
565 587 621 654 pet
651 568 790 654 gradus,
816 567 857 634 ad
879 561 1052 633 veritatem

213 653 449 742 compositam,
476 674 508 722 et
524 659 557 720 in
572 670 670 742 puteo
683 701 693 734 ,
707 675 709 681 ·
721 675 757 720 ut
775 653 834 721 fert
848 654 968 722 dictum
990 675 1056 722 ve-

213 759 299 821 tus,
335 738 495 810 latentem
523 741 781 823 descendamus,
809 765 943 830 eamque
972 741 1052 834 inde

213 851 361 896 eruamus
391 852 428 896 ac
454 831 717 898 demonstremus.
756 832 787 896 si
812 833 893 900 enim
918 832 1052 921 cogita]-

209 917 315 994 ‚tiones
329 938 455 985 nostras
468 940 565 988 caeco
577 921 663 990 casui
681 921 926 1010 permittamus,
952 926 975 986 si
989 942 1053 1000 va,-

214 1010 260 1074 ria
284 1008 412 1074 obiecta
436 1009 468 1074 in
496 1028 601 1076 mente
621 1009 831 1096 fluctuantia,
857 1029 953 1098 prout
979 1031 1049 1094 esse

216 1098 440 1164 tumultuariae
463 1097 633 1176 exhibent,
657 1097 935 1185 contemplemur,
958 1099 1049 1165 nulla

214 1186 354 1252 adhibita
364 1185 482 1275 regula,
495 1185 583 1250 nullo
594 1187 706 1254 ordine
717 1205 819 1265 certo;
832 1209 953 1273 semper
969 1209 1053 1266 con·

210 1271 287 1352 ‚fusa
324 1295 361 1342 ac
391 1275 575 1360 perturbata
604 1275 709 1342 studia
747 1293 855 1342 nostra
884 1274 958 1340 nihil
991 1277 1052 1358 nisi

209 1362 467 1443 obscuritatem,
482 1364 735 1431 incertitudinem
750 1381 785 1432 et
800 1386 960 1442 errorem,
977 1360 1056 1450 qui·

209 1450 351 1520 busdam
376 1454 456 1518 male
482 1452 608 1554 digestis
635 1452 818 1519 veritatibus
843 1453 1054 1542 permixtum,

1157 689 1160 808 l

217 1543 418 1645 progignent.
444 1541 545 1607 Certo
565 1561 674 1626 traque
694 1541 805 1608 ordine
828 1559 978 1630 certaque
994 1563 1053 1609 se·
1159 1567 1160 1578 ¹

219 1632 264 1700 rie
290 1631 497 1721 cognationes
519 1646 550 1695 et
576 1631 680 1698 studia
704 1630 838 1718 dirigere
863 1651 921 1696 nos
946 1647 1052 1717 opor·

217 1737 288 1798 tet,
311 1740 347 1786 ut
363 1741 450 1786 mens
466 1737 574 1784 nostra
588 1721 724 1811 angustis
740 1719 814 1784 licet
827 1719 1050 1808 circumscrip-

219 1824 252 1874 ta
268 1805 440 1884 limitibus,
465 1807 627 1884 ,occultam
650 1825 683 1875 et
706 1809 907 1896 complexam
928 1807 1053 1874 vetita-

212 1911 282 1977 sem
304 1894 433 1984 detegat
445 1941 470 1976 „
484 1915 583 1983 atque
602 1898 771 1962 multarum
799 1918 904 1964 rerum
933 1919 1054 1964 nexum
1158 1953 1159 1964 ,

218 1983 449 2071 relationesque
475 1987 573 2058 virias
601 1984 749 2074 expedire
776 1984 976 2078 perspiciat,
1004 2001 1054 2054 te·
1158 1983 1159 2016 f

218 2089 292 2140 neat
327 2091 360 2140 et
388 2073 452 2138 aliis
483 2072 692 2140 demonstret.
726 2073 818 2152 Quae
843 2073 923 2142 haec
950 2073 1050 2142 docet

219 2161 342 2252 logicae
367 2183 467 2250 pars,
498 2179 631 2227 vocatur
653 2161 843 2250 methodus,
874 2183 974 2251 eaque
996 2184 1057 2252 ge-

221 2253 369 2319 neralitct
395 2239 567 2318 delinitur:
596 2253 651 2316 via
680 2266 712 2317 et
747 2254 835 2317 ratio
863 2249 1056 2340 inquirende·

220 2358 348 2421 nerum,
362 2338 452 2432 quod
460 2337 570 2422 adhuc
582 2332 669 2406 latet
679 2383 690 2419 ,
700 2336 837 2406 etsltud
845 2337 1053 2428 explicandi,

220 2449 320 2518 qaum
342 2433 409 2495 iam
429 2432 591 2494 inuentum
613 2442 674 2494 est.
704 2425 814 2505 Quum
837 2447 943 2494 sutem
966 2427 1054 2515 prius

221 2519 260 2583 sit
297 2538 416 2584 verum.
442 2515 625 2603 inquirere,
654 2537 748 2603 quam
778 2516 843 2582 aliis
877 2538 915 2583 ex
943 2515 1051 2593 licare;

223 2606 295 2672 ideo
322 2621 425 2672 totam
452 2602 533 2678 hanc
556 2605 677 2693 logicae
703 2623 826 2692 partem
851 2604 882 2670 in
907 2539 975 2670 <liro
999 2623 1056 2670 ca·

225 2697 292 2784 pira
319 2692 570 2770 distribuemuss
600 2713 736 2781 quorum
763 2694 897 2782 primum
920 2694 996 2758 erit·
1012 2693 1054 2759 dc

213 2779 378 2946 ⁵rdnethoclo
399 2783 587 2852 intentionis
598 2827 611 2874 ,
639 2779 815 2853 secuudum
839 2780 879 2852 de
899 2779 1055 2876 methpdo

212 2922 219 2934 .
249 2887 408 2946 octrtuaea
471 2939 475 2944 .
568 2934 579 2942 ,.
647 2935 682 2944 ,,
720 2935 723 2942 ,
