2298 3418
240 249 325 298 rans
339 249 403 298 rrr.
419 245 578 298 ruerent.
594 235 671 297 οη.
686 247 727 296 11.
845 251 909 322 ²²9

12 387 15 412 ν
51 337 115 383 tur
159 321 376 407 praedicatum
404 317 791 386 subiecto'tribuendum
821 319 905 408 (aur

51 407 267 496 negandum)
293 409 345 472 sit.
363 411 419 472 'At
438 410 598 474 rationem·
608 431 672 474 non
693 407 908 478 sufficientem

52 494 229 562 dumtaxat
259 497 356 562 habet
375 542 384 576 ,
405 496 460 581 qni
479 497 584 584 aliqua
616 514 741 563 tantum
769 521 907 589 cognos·
999 513 1002 520 '

12 609 15 626 ¹
55 583 103 647 cit
118 584 163 649 ad
180 586 350 652 veritatem
367 586 527 674 requisita.
909 617 912 628 ·

97 668 176 741 IV.
223 677 253 740 Si
276 673 495 764 praedicatum
509 672 655 740 subiecto
672 673 823 742 tribuitur
837 675 906 765 (vel

53 761 216 848 negatur)
230 763 285 828 'ob
310 762 463 829 rationem
483 785 547 827 non
570 761 777 831 sufficientem
793 811 803 844 ,
821 788 905 854 pro-

53 851 182 937 positio
199 852 318 918 dicitur
330 849 529 941 probabilis.
550 852 654 919 Vnde
669 869 759 940 patet
782 855 811 917 in
829 877 906 942 pro·

53 941 224 1089 positione
248 937 405 1026 probabili
427 941 645 1027 praedicatum
674 939 818 1008 subiecto
845 945 906 1008 tri-

77 1029 111 1090 ui
137 1027 185 1092 ob
212 1028 321 1118 aliqua
345 1027 515 1095 dumtaxat
545 1029 695 1118 requisita
722 1030 763 1094 ad
788 1033 905 1098 vetita-

52 1129 138 1180 tem.
166 1115 209 1180 E.
241 1140 270 1206 g.
300 1118 327 1183 Si
357 1118 448 1182 alicui
480 1115 575 1184 fuerit
603 1135 837 1206 perspectum,
863 1121 904 1188 ad

52 1207 295 1292 vegetationem
325 1207 509 1296 plantarum
545 1205 620 1270 nihil
649 1207 734 1272 aliud
770 1211 901 1296 requiri,

46 1293 117 1356 'nisi
151 1307 189 1359 ut
214 1315 319 1361 semen
343 1294 517 1361 fecundum
539 1297 757 1361 committatur
786 1299 907 1381 terrae',

55 1403 156 1468 quant
183 1383 232 1447 sol
263 1383 392 1450 alternis
419 1401 646 1470 tempestatum
672 1385 903 1453 vicissitudini-

55 1467 118 1535 bus
146 1487 298 1552 recreat,
320 1493 415 1558 quam
441 1471 548 1559 pluvia
570 1490 600 1539 et
626 1493 679 1536 ros
705 1475 852 1560 irrigant,
878 1478 904 1540 it

58 1579 148 1625 certo
175 1561 267 1625 novit
289 1561 454 1626 veritatem
477 1561 569 1625 huius
592 1560 846 1649 propositionis:
870 1567 904 1628 in

57 1645 114 1714 hoc
128 1648 261 1714 scilicet
276 1648 357 1714 dato
383 1649 478 1728 loco,
497 1649 596 1715 datis·
616 1646 734 1714 iisdem
756 1645 903 1716 omnibus

57 1741 351 1815 circumstantiis,
373 1752 524 1804 crescant
544 1736 699 1826 plantae.
725 1737 770 1802 At
797 1737 822 1802 si
848 1738 905 1804 ali·

57 1847 137 1912 quas
160 1843 287 1892 tanturn
303 1825 503 1892 conditiones
515 1828 637 1892 noverit
652 1870 663 1905 ,
679 1844 757 1912 puta
775 1874 786 1905 ,
804 1828 904 1894 serni-

58 1914 104 1978 nis
135 1913 389 1994 fecunditatem,
415 1934 532 1980 terram
554 1913 706 1980 solaribus
731 1917 822 1982 radiis
847 1939 902 1983 re-

59 2021 201 2070 creatam
226 2049 235 2082 ,
261 2025 333 2070 rore
354 2021 450 2088 atque
473 2005 581 2092 pluvia
605 2004 790 2093 irrigatam,
812 2007 903 2093 igno-

58 2112 132 2169 tans
171 2091 309 2158 alternas
340 2108 568 2180 tempestatum
597 2093 827 2157 vicissitudines
861 2093 903 2158 ad

57 2201 248 2268 prosperam
290 2181 525 2269 vegetationem
561 2180 774 2256 necessarias3
808 2180 832 2244 is
859 2181 902 2248 de

58 2269 244 2356 plantarum
262 2271 463 2360 vegetatione
479 2267 646 2358 probabile
669 2267 832 2333 dumtaxat
848 2268 902 2332 iu-

58 2356 182 2423 dicium
200 2352 287 2423 leret.
317 2357 399 2424 lnde
421 2359 515 2424 etiam
542 2357 724 2446 colligitur,
751 2355 903 2442 probabi·

61 2445 175 2512 liorem
205 2467 272 2513 esse
288 2447 570 2536 propositionem,
596 2448 618 2509 si
643 2442 792 2512 subiecto
810 2467 903 2534 prae·

60 2534 206 2622 dicatum
220 2536 368 2600 tribuitur
382 2538 454 2620 (aut
466 2531 622 2621 *negaturi
634 2534 677 2599 ob
688 2534 778 2622 plura
795 2534 903 2620 requi-

62 2623 121 2687 sita
136 2671 147 2701 ,
162 2645 256 2710 quam
273 2626 295 2688 si
310 2623 458 2688 tribuitur
479 2623 522 2688 ob
541 2623 702 2708 pauciora.
725 2623 812 2688 Hinc
825 2643 903 2712 pro-

61 2708 156 2778 batio
168 2712 284 2778 dicitur
292 2703 483 2801 'probabilis
495 2759 506 2792 ,
520 2716 543 2775 si
560 2710 734 2802 syllogismi
751 2714 801 2776 vel
817 2733 905 2800 argu·

61 2800 274 2867 mentationes
298 2802 481 2866 contineant
504 2800 691 2890 praemissas
709 2800 903 2886 probabiles,

63 2909 147 2975 quae
173 2911 234 2976 pro
258 2890 364 2954 maiori
388 2889 439 2953 vel
455 2891 565 2953 minori
580 2885 803 2973 probabilitate
827 2909 904 2972 pro«

58 2973 221 3059 bationem
238 2975 375 3044 efnciant
401 2979 498 3065 magis
519 2979 663 3042 minusve
687 2974 901 3063 probabilem.
