2298 3418
270 175 407 234 ΜΗ.
431 173 588 232 trnsttatt.
612 175 688 224 car.
709 173 755 224 tt.
888 171 931 246 43

86 246 351 338 {oluitssublata
372 247 467 336 igitur
488 246 684 340 hypothesi,
704 241 936 314 contradictio·

89 360 169 408 nem
194 359 258 404 nou
288 337 444 415 involvit,
470 358 509 403 ac
530 335 676 427 ,prolude
700 337 847 405 absolute
873 357 935 402 ne·-
977 386 995 412 Ι

93 427 261 510 cessariam
285 449 349 492 non
372 441 432 494 est.
455 425 540 490 Hinc
565 441 679 516 patet,
704 425 809 492 solaru-
827 445 936 492 neces·

95 516 218 582 siratent
233 514 413 581 absolutam
427 516 661 604 contingentiae
673 535 868 604 repugnare,
884 512 936 578 mi·

95 605 179 670 nime
195 625 272 680 reto
287 603 545 692 hypotheticam.
567 603 699 690 Duplex
718 604 797 672 illud
821 623 936 669 neces·

29 749 32 754 .
95 693 194 761 sitatis
211 712 309 779 genus
327 693 426 780 probe
442 693 543 758 notati
565 692 686 772 debet,
709 715 755 762 ne*
767 689 936 782 hypothe-

94 782 194 862 ticam
209 783 425 848 necessitatem
441 803 513 846 cunr
531 781 677 851 absoluta
690 780 937 848 confundamus.

94 867 190 936 Haec
211 870 318 934 omnia
340 891 403 934 non
431 871 533 936 solum
559 871 591 938 in
614 869 706 942 rebus
731 870 936 958 metaphysi-

94 958 167 1037 cis,
192 957 249 1024 sed
273 957 368 1024 eriam
381 956 637 1054 imTheologicis
656 979 769 1028 contra
791 959 937 1026 Socinia·

93 1067 160 1110 nos
175 1043 442 1133 disputationibus
458 1047 611 1116 maximae
626 1047 770 1116 utilitatis
785 1067 851 1114 esre
866 1069 940 1135 pos·
1001 1067 1014 1082 ·

100 1151 189 1203 sunt.
207 1132 245 1198 In
268 1136 423 1224 plerisque
443 1135 707 1226 philosophorum
728 1135 814 1204 libris
832 1135 940 1202 ambi·

102 1243 202 1310 guum
225 1240 273 1290 est
300 1226 451 1293 nectaris
479 1225 722 1300 determinatum
746 1225 939 1315 contingen-

100 1313 164 1376 tiae
196 1311 399 1390 vocabulum.
428 1314 536 1402 Aliqui
561 1313 821 1402 ‚contingentiam
851 1314 941 1385 vffieitrt

99 1399 284 1468 omnimode
299 1403 484 1470 ,necessitati
507 1404 599 1470 eriam
621 1401 852 1492 hypotheticae
872 1425 941 1491 op-

100 1490 238 1577 positam
265 1489 479 1564 considetant.
507 1491 551 1556 Hi
580 1509 686 1558 aurern
714 1514 732 1558 a
760 1491 883 1580 vulgari
908 1508 942 1558 et

101 1597 234 1666 recepto
259 1578 413 1665 loquendi
434 1597 494 1644 usu
517 1579 693 1657 receduntt
723 1579 756 1644 in
777 1579 942 1665 qnotidia-

102 1687 146 1730 no
176 1668 259 1734 enim
291 1689 440 1734 sermone
461 1669 668 1734 necessarium
691 1667 827 1746 dicitur,
851 1664 942 1753 quod

103 1756 323 1828 necessitatem
337 1755 507 1823 dumtaxat
523 1756 672 1824 moralem
687 1755 848 1846 importat.
867 1755 943 1822 Ali·

104 1844 238 1932 quando
255 1844 350 1908 etiam
367 1843 507 1910 futurum
523 1847 706 1936 contingens
723 1868 742 1911 a
758 1846 833 1914 Deo
847 1867 944 1932 prae·

106 1934 209 2002 visum
232 1935 617 2002 vocaturnecessarimn.
645 1933 855 2002 Necessitaris
879 1955 947 2003 no·

106 2022 228 2089 tionem
257 2020 298 2088 ad
325 2020 499 2089 decentiam
527 2044 684 2110 quoque,
714 2024 757 2090 'ad
814 2023 946 2088 uasdam

104 2109 230 2175 scilicet
257 2110 398 2176 actiones
425 2111 674 2190 convenientes,
703 2048 874 2180 transferre
890 2133 948 2176 *so-

106 2196 223 2264 lemus.
249 2198 298 2264 Sic
327 2199 414 2286 loqui
443 2197 593 2267 familiare
622 2217 693 2265 ests
718 2225 743 2270 a
770 2199 946 2268 scribenda

107 2283 279 2374 epistola,
311 2289 353 2352 ab
379 2286 544 2354 invisendo
570 2292 674 2354 amico
698 2291 862 2354 abstinere
887 2311 949 2355 nott

104 2396 251 2464 possam.
281 2376 403 2444 Varias
419 2375 491 2443 istas
508 2375 836 2462 necessitatisspecies
851 2398 949 2441 unus·

109 2465 251 2551 quisque
266 2466 382 2541 novit,
412 2463 486 2530 licet
510 2487 560 2530 eas
576 2466 614 2544 ita
638 2486 783 2532 sermone
807 2463 949 2532 familiari

111 2550 217 2618 verbis
242 2572 307 2618 non
328 2552 512 2640 distinguat.

124 2687 127 2700 .
157 2635 251 2710 vlt.
296 2641 326 2705 Si
350 2641 535 2707 existentiae
559 2639 640 2710 ratio
663 2641 820 2708 sufficiens
839 2645 872 2708 in
899 2665 953 2709 es·

116 2729 219 2812 sentia
233 2727 312 2794 entis
329 2729 538 2810 continetur,
567 2751 620 2796 ens
643 2731 821 2796 necessario
837 2733 953 2810 existit,

117 2813 233 2904 estque
257 2817 423 2884 existentia
449 2820 515 2884 eius
543 2819 688 2886 absolute
712 2823 894 2886 necessaria.
923 2819 957 2884 Si

119 2907 205 2976 cuim
234 2905 415 2975 existentiae
453 2907 534 2977 ratio
562 2906 719 3002 sufficiens
751 2910 788 2976 ¹iu
822 2909 958 2974 essentia
