2298 3418
172 179 231 229 urs
255 179 499 236 totostoto.
515 183 600 232 ear.
639 186 713 236 ιιι.
781 185 846 259 t79

74 237 215 330 relatiuam,
246 273 276 322 et
312 277 370 341 pro
400 258 487 322 vario
513 255 720 346 'ingeniorum
748 277 848 343 captu

74 331 173 400 eander
196 347 436 433 propositionem
467 343 532 409 aliis
563 347 631 413 esse
658 345 850 426 evidentem,

75 414 126 478 tliit
141 442 214 495 autem
239 453 353 499 certant
384 433 566 500 dumtaxat.

89 588 96 601 .
124 503 215 602 Triplex
239 521 268 588 in
296 522 413 588 scholis
442 521 590 611 distingui
620 524 702 590 solet
726 523 851 590 eviden-

77 601 110 652 ttr.
123 599 176 668 Alia
197 611 411 702 metaphysica
435 612 543 676 vocari
567 630 692 700 potest,
710 611 848 702 plyslra

77 677 149 767 altera,
165 701 243 762 tertia
265 701 391 767 demum
415 697 561 766 moralis.
587 701 755 766 Evidentia
780 723 850 766 me·

71 773 192 862 'lllyst'ca
217 805 280 854 est:
314 811 439 854 summa
468 787 555 868 illa,
581 789 849 878 vividrssiruaque

65 871 254 954 terpretetur,
271 899 347 968 qua·
361 883 601 966 cognoscimus,
616 878 733 944 aarum
749 876 850 966 quod·

62 949 127 1029 piam
144 967 325 1032 attributum
351 964 432 1032 dato
458 969 602 1054 cuipiam
630 966 774 1032 subiecto
799 970 849 1032 ito

63 1047 183 1114 cruento
203 1053 253 1120 nel
278 1078 344 1120 non
372 1059 559 1134 conuenire,
587 1071 625 1122 ut
652 1052 850 1142 impossibile

64 1133 217 1220 omuiuosit,
237 1165 306 1212 rem
329 1140 430 1209 aliter
452 1165 486 1208 sc
506 1142 636 1210 habere.
658 1143 753 1208 Tales
778 1157 853 1208 suut

64 1223 248 1302 propositiones
277 1230 595 1311 indemonstrabiles,
620 1247 651 1298 et
689 1231 850 1300 evidenter

64 1297 281 1385 demonstrabiles.
304 1318 472 1387 Evidentia
491 1319 624 1409 physica
645 1343 681 1386 ea
695 1338 849 1409 essequa

66 1405 122 1457 ”tlt
142 1399 384 1474 luculentissime
423 1407 554 1496 quidem
585 1412 754 1497 percipit,
782 1429 851 1474 tent

67 1479 169 1556 rlsolute
191 1497 432 1563 consideratum
456 1495 557 1564 aliter
585 1519 618 1562 se
644 1493 761 1562 labere
780 1519 854 1586 pos·

66 1581 99 1645 l,
114 1595 161 1645 nort
184 1599 292 1651 romeu
318 1589 386 1650 cirre
412 1583 518 1674 legum
538 1581 750 1654 ¹naturalium
771 1609 853 1675 prr-

67 1663 212 1738 lrrlarr'oue.
239 1673 292 1739 lta
321 1674 446 1740 evidens
474 1691 520 1742 est
551 1673 708 1764 evidentia
737 1675 856 1764 pltyti-

66 1761 98 1822 tr,
113 1774 220 1828 noctem
242 1763 473 1840 adventuram,
495 1761 736 1847 rediturumque
759 1765 854 1844 diem,

66 1846 163 1914 luroris
181 1871 348 1940 supremus
371 1872 472 1916 tetum
493 1852 631 1915 omnium
658 1872 770 1917 auctor
783 1875 855 1921 cur·

65 1936 107 1988 'lm
124 1937 184 2001 solis
210 1958 395 2027 pervertere
416 1958 512 2027 atque
534 1940 727 2026 suspendere
743 1948 856 2028 possit.

84 2035 120 2082 lec
141 2027 294 2096 evidentia
321 2028 462 2094 eamdem
490 2028 621 2094 omnino
648 2028 711 2090 vim
747 2050 857 2097 assert-

63 2103 90 2195 ’Ρί
106 2129 197 2180 nostro
224 2139 289 2182 non
316 2116 430 2195 infert,
451 2139 488 2180 ac
512 2116 670 2183 evidentia
695 2123 883 2210 metaphyn

63 2201 110 2255 ¹¹⁰²·
128 2201 268 2273 Attamen
289 2205 477 2271 evidentiam
495 2205 660 2294 physicam
677 2203 707 2264 in
727 2205 859 2277 dubium

63 2291 188 2372 revocare,
209 2295 345 2360 insanire
370 2310 470 2372 esset,
497 2310 530 2360 et
557 2315 625 2359 sese
648 2294 787 2356 otnniorn
813 2299 860 2362 lu-

63 2361 131 2435 dibrio
155 2405 324 2470 exponere.
354 2381 575 2462 Quamobrem·
615 2382 861 2468 propositiones,

61 2469 115 2532 ilie
142 2465 228 2539 lalsae
269 2494 337 2537 esse
365 2493 429 2536 non
459 2486 616 2557 possunt,
646 2468 704 2534 nisi
734 2491 861 2544 naturae

68 2561 116 2628 lges
143 2555 402 2628 luculentissimae
433 2560 639 2624 immutentur
665 2575 696 2624 et
727 2581 859 2647 perver-

61 2637 154 2720 lento„
175 2670 232 2733 pto
257 2648 433 2715 certissimis
457 2647 685 2736 tutissimisque
701 2645 862 2722 habendae

62 2731 116 2788 surr,
137 2730 299 2804 Evidentia
322 2734 455 2802 moralis
481 2757 517 2802 ea
539 2737 706 2800 dumtaxat
729 2741 864 2825 respicit,

62 2819 115 2884 quoe
132 2819 166 2884 ab
191 2825 353 2894 hominurn
379 2824 544 2890 voluntate
572 2823 772 2909 proveniunt.
790 2830 863 2894 Mo·

62 2894 107 2962 ralis
135 2913 301 2982 evidentiae
339 2913 503 3052 dicuntupA
517 2909 755 3002 propositiones
781 2915 866 2998 illae,

523 3021 534 3050 1
