2298 3418
410 2 430 54 (κ

215 105 278 187 176
460 119 643 164 nrsrrrvr.
675 120 808 172 russos.

210 207 285 254 turo
308 187 504 277 contingenti
531 191 569 252 sit
592 207 682 256 certo
706 189 869 268 futurum,
895 195 1050 254 necessa·-

212 277 260 342 rio
276 295 324 345 est
340 274 505 356 futurum,
521 299 585 342 nun
599 282 818 367 contingenter
833 301 843 356 3
870 276 1051 345 absurdunt

209 386 341 452 conseq.
357 387 431 454 ergo
446 382 478 431 et
494 383 559 432 ant.
584 365 683 453 Resp.
701 368 747 431 N.
765 387 832 454 seq.
848 367 921 430 urai,
944 367 1049 433 Aliud

210 455 292 518 eninr
306 474 372 530 est,
391 454 510 542 aliquid
525 476 594 520 esse
604 475 692 520 certo
704 455 865 531 futurum,
879 455 1052 526 aliudesse

210 545 388 607 necessario
417 541 569 608 futurum.
595 541 680 609 Illud
704 546 878 609 necessario
899 541 1052 610 futurum

189 639 192 652 ’
210 629 351 709 dicitur,
376 630 466 719 quod
482 632 526 696 ita
549 629 777 711 futurumst,
807 649 843 695 ut
862 653 925 694 non
940 633 1052 720 possit

210 740 276 784 non
299 741 365 786 esse
392 721 437 784 ita
467 717 617 784 fututum.
640 719 735 786 *Illud
760 737 867 785 auteur
893 737 988 784 certo,
1013 737 1051 788 et

212 823 286 871 actu
309 805 451 874 futurum
466 827 539 888 est,
566 809 657 897 quod
675 827 723 875 est
743 830 776 875 re
796 809 869 874 vera
889 807 1045 874 futurum.

212 895 322 962 Potest
336 916 441 962 autern
458 917 524 964 esse
541 917 663 964 revera
683 896 824 962 futurum
842 911 869 976 ‚²
880 896 956 961 lieet
977 920 1043 968 nou

208 985 250 1050 nit
266 988 450 1052 ‘necessario
473 983 640 1065 firturum,
669 987 723 1052 sed
745 988 976 1070 contingenter.
1028 995 1038 1010 ⁴

209 1113 216 1126 ·
278 1071 358 1138 lust.
375 1095 406 1160 3.
422 1074 601 1160 Propositio
615 1075 778 1163 singularis
792 1077 831 1140 de
844 1071 952 1139 futuro
964 1084 1049 1140 coni·

208 1162 355 1249 tingenti'
367 1179 416 1227 est
443 1162 619 1230 indifferens
645 1164 686 1229 ad
712 1164 876 1229 veritatem
899 1181 954 1228 aut
978 1160 1049 1227 fat-

210 1251 364 1329 uitatem}
393 1271 468 1339 ergo
497 1254 562 1316 eius
593 1251 756 1318 obiectum
784 1271 848 1316 non
878 1268 922 1315 est
951 1269 1054 1318 certo

209 1334 354 1413 futurum
384 1343 433 1404 vel
462 1359 549 1420 certo
573 1362 639 1408 uon
673 1339 839 1416 futurum
871 1359 942 1402 narn
976 1361 1054 1406 nou

210 1428 310 1516 magis
327 1442 375 1494 est
391 1444 478 1493 certo
495 1426 660 1509 futurum,
691 1451 786 1517 quarn
805 1445 895 1492 certo
907 1447 970 1490 non
989 1426 1055 1493 fua

210 1531 330 1600 tuturu-
347 1517 445 1606 Resp.
461 1516 536 1582 dist.
552 1537 639 1596 ann,
661 1517 901 1583 est‘indifferens
910 1537 921 1594 3
939 1515 971 1580 id
984 1533 1054 1597 επὶ

210 1619 276 1684 tam
297 1623 405 1692 potest
427 1609 553 1673 evenire
566 1651 577 1684 ,
591 1678 593 1684 ,
606 1629 700 1692 quarn
717 1627 780 1671 non
796 1607 918 1671 evenire
935 1647 946 1684 ‚
975 1605 1022 1670 C.
1042 1625 1056 1686 t

210 1692 243 1772 id
262 1711 333 1772 est,
357 1715 453 1758 unum
477 1717 541 1759 non
563 1697 660 1782 magis
676 1696 797 1760 eveniet
811 1717 832 1773 ,’
847 1713 943 1781 quant
960 1694 1056 1759 aite-
1147 1707 1148 1728 ¹

211 1803 303 1860 runt,
335 1782 380 1845 N.
407 1798 471 1843 ant.
499 1802 531 1848 et
545 1803 635 1846 cous.
661 1784 771 1849 Petrus
789 1805 826 1845 v.-
845 1803 884 1869 g.-
900 1797 964 1845 tarn
980 1803 1061 1864 po·

210 1886 273 1936 test
287 1891 356 1932 cras
374 1889 530 1954 peccate,
557 1889 652 1956 quant
669 1894 731 1935 non
748 1891 891 1958 peccare.
916 1869 982 1934 Sed
1000 1883 1064 1936 trs-'-
1147 1895 1148 1913 ¹

210 1977 286 2022 suen
310 1975 430 2022 certum
454 1977 526 2037 est,
556 1979 655 2024 unum
683 1957 825 2024 futurum
851 1977 941 2035 esse,
970 1958 1063 2026 aite-
1147 1967 1148 2006 ³

213 2065 283 2109 rum
313 2067 377 2112 non
403 2043 556 2114 futurum.
576 2049 703 2128 ¹Posito
732 2050 822 2114 enim-
848 2045 938 2132 quod
975 2065 1065 2115 actu

211 2141 347 2222 peccet,
377 2151 502 2222 poterat
529 2155 592 2200 non
618 2157 774 2223 peccaret
806 2151 959 2224 ettamen
986 2133 1063 2202 heri
1147 2146 1148 2186 ³

212 2244 322 2289 vorum
347 2242 413 2290 erat
430 2254 453 2300 ,·
471 2226 596 2289 Petrum
620 2247 688 2291 esse
711 2225 806 2290 hodie
830 2240 1061 2308 peccaturum.

279 2313 370 2378 Aliae
398 2311 594 2378 obiectiones
624 2335 662 2381 ex
689 2313 845 2379 altissimis
864 2312 1060 2377 ¹divinorum

212 2398 418 2468 decretorum
444 2405 628 2489 mysteriis,
651 2419 682 2469 et
705 2424 745 2467 ex
768 2419 924 2466 consensu
946 2421 1060 2486 praes

213 2491 345 2554 sientiae
368 2487 428 2551 Dei
453 2511 526 2554 curn
549 2490 682 2555 humana
707 2491 852 2555 libertate
871 2485 979 2554 offerri
1006 2499 1060 2554 εό-

212 2577 316 2641 lenta
345 2575 481 2664 logicis,
510 2579 563 2663 qui
590 2577 772 2644 curiositate
797 2579 875 2642 intra
908 2577 1060 2664 philoso-

213 2663 327 2751 phicos
344 2663 455 2728 limites
469 2687 532 2729 non
546 2669 706 2742 courcite,
727 2664 937 2733 sanctuarium
952 2665 1058 2732 theo-

214 2753 353 2839 logicum
379 2749 514 2839 profano
546 2757 679 2842 vestigio
707 2755 828 2820 calcate
857 2774 922 2817 non
953 2753 1056 2819 dubi·-

207 2857 304 2920 -taut,
327 2857 367 2906 ¹st
381 2845 413 2906 in
425 2863 459 2908 re
481 2842 648 2925 clarissima
661 2843 853 2932 spississimis
870 2861 938 2907 sese
954 2857 1055 2909 ¹tene·
