2298 3418
252 137 314 218 164
487 157 669 206 tustra-vr.
699 157 831 208 tarsos..
881 153 912 160 ”

248 229 304 292 lari
331 227 523 313 exprimatur
548 227 753 315 propositiot
781 229 948 318 quoddam
966 243 1079 307 totum,

247 315 299 382 nel
312 317 367 381 hoc
380 333 482 381 tntum
501 333 625 382 nonest
641 321 747 381 maius
763 339 823 384 sua
837 335 963 408 parte,
992 339 1084 382 con·
1125 359 1126 366 κ

249 408 339 470 traria
354 404 421 468 abit·
437 405 468 469 in
484 405 775 470 contradictoriam.
792 419 794 425 '
808 409 911 478 Vnde
924 406 980 495 qui
999 427 1082 470 con-

249 496 376 558 trarium
400 495 508 557 statuit
528 495 619 570 eius,
643 495 734 580 quod
754 494 1020 571 alterdefendit‚
1055 490 1085 560 in

250 605 326 647 casu
356 581 500 669 singulari
526 599 557 646 et
587 583 765 668 particulari
792 586 892 651 eidem
919 583 1087 647 contradi-

241 685 483 738 emereretur.
512 669 550 733 E.
577 691 607 756 g.
643 673 667 734 ti
698 691 778 732 unus
805 692 941 750 tuetur,
970 693 1084 738 ornnes
1125 733 1126 736 ,

246 762 393 846 planetas
411 779 478 823 esse
493 779 630 846 corpora
644 759 748 825 telluri
762 759 897 840 similia,
925 759 1006 826 alter
1023 782 1086 826 ve·
1125 777 1126 786 ¹

249 869 287 911 ro
308 846 443 926 statuit,
476 847 598 912 nullutn
621 847 779 933 planetam
798 871 866 915 esse
881 869 1001 935 corpus
1018 849 1085 914 tel-

250 937 312 1001 luri
339 937 464 1014 simile,
493 934 544 999 hic
568 935 599 999 in
626 955 703 999 casu
729 937 911 1020 particulari
935 937 987 1000 vel
1016 938 1083 1000 sin-

250 1027 348 1114 gula-ti
371 1021 459 1089 alt'eri
482 1022 698 1090 contradicere
720 1021 839 1105 debet,
859 1043 1079 1114 propugnatu-

252 1137 302 1178 rus
330 1113 484 1200 quosdam
510 1113 652 1197 planetas
681 1133 744 1176 non
769 1135 836 1182 esse
859 1133 999 1202 corpora
1018 1111 1083 1184 tel·‚
1125 1187 1126 1196 p

249 1202 309 1266 luri
334 1201 470 1278 similia,
495 1217 550 1264 aut
577 1197 688 1266 Iovem
706 1223 777 1266 non
796 1223 866 1270 este
885 1220 1002 1288 corpus
1016 1203 1085 1269 tel·
1125 1235 1126 1248 i

250 1290 309 1355 luri
334 1289 446 1375 simile.
508 1357 511 1360 ,
900 1330 902 1336 ι

317 1379 477 1458 Quoniam
492 1397 570 1440 veto
586 1378 821 1464 propositiones
833 1377 1034 1459 indefinitae,
1052 1379 1087 1460 in
1125 1443 1126 1476 ,

250 1466 364 1552 quibus
379 1464 555 1530 subiectum
567 1481 615 1530 est
629 1467 781 1532 terminus
795 1467 972 1535 communis
980 1515 992 1546 ‚
1006 1470 1088 1532 uni·
1125 1481 1126 1518 l

245 1559 411 1622 sersaliter
437 1551 586 1640 explicari
616 1573 749 1639 possunt
775 1575 807 1623 et
837 1557 1084 1643 particulariter,
1125 1519 1126 1602 i

250 1646 448 1732 aequivalent
475 1642 744 1721 contradictoriis,
774 1647 796 1708 si
825 1667 887 1708 una
913 1645 1084 1710 universa-

245 1733 346 1812 liter,
373 1735 472 1806 altera
500 1730 730 1816 particulariter
758 1734 951 1820 explicatur.
982 1733 1019 1796 E.
1050 1755 1083 1822 g.
1125 1783 1126 1790 ,

248 1819 336 1885 homo
363 1835 412 1883 est
438 1821 593 1905 rapiens,
623 1821 656 1882 'et
682 1821 769 1884 homo
788 1837 915 1887 nonest
934 1824 1086 1910 sepiens,
1125 1867 1126 1870 =

247 1908 430 1972 sunttduae
453 1903 689 1994 propositiones
711 1907 902 1974 indefinitae.
925 1911 963 1998 'Si
985 1911 1087 1995 prima
1125 1905 1126 1914 ¹

247 1995 464 2060 universaliter
487 1995 664 2078 explicatur
677 2041 689 2073 ‚
716 1998 814 2063 altera
834 1996 1087 2086 particulariter,
1125 1999 1126 2002 ’

249 2082 380 2149 habebis
408 2081 696 2148 contradictorias:
726 2085 933 2151 omnishomo
954 2100 1007 2151 est
1023 2111 1089 2155 sa·
1125 2093 1126 2148 ἴ

243 2179 363 2263 piens,
390 2190 421 2240 et
449 2170 584 2262 quidam
607 2169 694 2234 homo
715 2193 775 2236 non
798 2189 848 2238 est
872 2176 1017 2262 rapiens.
1125 2171 1126 2240 l

292 2259 379 2330 Vll.
425 2263 454 2324 Si
480 2261 519 2324 de
548 2257 687 2343 quodam
717 2281 830 2348 genere
864 2265 914 2326 vel
943 2261 1088 2348 quadam
1125 2247 1126 2290 Ὗ

248 2353 353 2437 specie
367 2348 565 2438 praedicatur
582 2345 770 2412 attributum
785 2349 973 2428 essentiale,
1006 2371 1090 2439 pro-

248 2435 1088 2526 positionesindefinitaeoppositaeaequivalenscon·
1125 2469 1126 2498 ;

247 2524 445 2593 tradictoriis.
471 2523 664 2588 Huiusmodi
685 2525 767 2590 enim
785 2527 966 2614 praedicata
988 2549 1088 2615 gene·
1125 2535 1126 2608 s

193 2678 194 2687 χ
247 2614 271 2679 ri
287 2617 336 2680 vel
352 2610 465 2700 speciei
485 2631 665 2677 constanter
681 2633 736 2676 seu
758 2631 902 2700 tempore
919 2635 1086 2699 quocum·
1125 2633 1126 2652 ³

247 2723 311 2790 que
338 2701 414 2766 dato
436 2702 638 2764 conveniunt.
666 2699 775 2776 Quare
797 2723 895 2786 quum
922 2723 1024 2789 gertus
1053 2722 1087 2772 et

247 2790 363 2877 species
383 2804 529 2875 respectu
556 2786 668 2850 horum
691 2790 919 2855 attributorum
941 2813 1002 2877 pro
1021 2793 1088 2859 sin·

157 2899 160 2911 ¹
245 2877 404 2970 gularibur
426 2871 533 2942 haberi
560 2878 703 2965 possint,
729 2881 965 2966 propositione
993 2881 1090 2950 iude·
1125 2923 1126 2926 =

359 3136 387 3152 ι
