2326 3438
266 185 332 274 276
509 193 685 248 nrsrrrvr.
715 191 850 246 tantos.

265 273 355 360 quod
385 273 592 339 examinamus
616 283 672 332 aut
698 264 900 355 detegimus,
930 286 1003 334 cnm
1029 265 1094 334 hae

263 362 481 447 propositione
510 354 677 442 perspicua
702 354 869 421 cohaereat
897 376 1010 424 necne.
1038 355 1097 422 lta

265 449 344 510 enim
369 463 409 508 ex
437 443 527 506 huius
557 442 782 530 propositionis
806 443 991 530 perspicuae
1020 445 1099 510 evi-

264 532 370 597 dentia
385 529 491 616 colligi
505 530 647 618 poterit,
677 553 715 594 an
732 531 763 596 id
781 576 791 609 ,
818 530 905 616 quod
926 533 1102 618 proponi-

171 631 175 636 '
266 637 340 704 tur,
368 615 494 680 admitti
527 636 582 683 aut
611 618 694 684 reiici
715 617 838 685 debeat.
867 618 1005 686 Maxima
1028 642 1104 686 au-

265 723 327 771 tern
350 725 425 770 cura
444 707 587 794 persequi
609 705 760 774 debemus
780 707 1000 784 ratiocinium,
1033 709 1105 774 do-

261 813 318 859 nee
341 798 544 882 perveniatur
571 795 612 860 ad
634 794 888 884 propositionem
915 795 1103 882 plenissime

262 897 399 960 notam,
430 884 472 948 ita
494 901 529 948 ut
551 883 591 949 de
612 883 701 948 huius
726 884 856 950 veritate
885 884 1006 948 nullum
1035 905 1101 954 su·
1152 943 1153 950 ,

261 971 359 1058 pessit
376 971 518 1037 dubium.
546 970 617 1041 Vbi
644 993 682 1037 eo
709 973 933 1058 pervenimus,
964 992 1100 1060 propo.
1152 1013 1153 1042 ᾗ

261 1059 325 1124 sito
350 1058 543 1125 satisfactum
564 1075 621 1126 est.
655 1057 693 1124 ln
714 1059 800 1124 omui
821 1083 897 1126 vero
918 1061 1098 1150 investiga·
1152 1085 1153 1088 ¹

262 1151 348 1214 tione
377 1148 529 1214 debemus
555 1147 665 1214 ordine
694 1149 879 1236 procedere.
910 1147 1018 1226 Quare
1045 1171 1098 1216 se·
1152 1143 1153 1188 l

262 1237 401 1302 cundum
419 1256 518 1302 certas
541 1235 662 1324 tegulas
684 1237 889 1325 cogitationes
908 1237 1096 1324 dirigendae
1152 1304 1153 1318 ,

263 1345 346 1390 sunt.
379 1326 450 1388 Hoc
474 1343 580 1389 autem
608 1347 811 1410 praemonere
839 1324 1010 1391 debemus:
1040 1327 1098 1392 in·
1152 1329 1153 1378 l

262 1417 378 1481 utiliter
400 1413 511 1481 tentati
533 1413 757 1480 discussionem
782 1414 971 1499 quaestionis
989 1413 1098 1480 alicu·
1152 1419 1153 1478 ἶ

262 1504 335 1581 ius,
368 1503 423 1567 nisi
442 1502 533 1590 plura
547 1500 586 1567 de
603 1500 677 1584 ipsis
694 1500 810 1578 rebus,
836 1502 920 1566 circa
935 1522 1011 1653 (puts
1022 1525 1097 1568 ver·
1152 1501 1153 1536 ³

265 1609 352 1656 satur
376 1591 542 1678 quaestio,
575 1587 665 1654 nobis
691 1607 767 1654 nota
791 1586 916 1654 fuerint.
965 1611 1011 1654 arn
1040 1592 1097 1654 sit.

327 1679 453 1768 Regula
482 1699 509 1741 1.
533 1676 650 1744 Status
671 1681 869 1766 quaestionis
891 1681 968 1745 bene
996 1676 1099 1744 intel·

265 1765 417 1855 ligendns
447 1781 480 1830 et
508 1763 776 1832 determinandus
801 1781 873 1831 est,

329 1853 429 1933 Quod
444 1870 479 1916 ut
495 1854 570 1931 fiat,
599 1875 759 1919 necessum
775 1870 848 1933 est,
879 1853 1014 1940 singulas
1030 1875 1096 1919 vo·

262 1963 338 2022 ces,
362 1940 478 2030 quibus
496 1943 639 2030 quaestio
655 1943 836 2029 continetur
853 1987 862 2019 ,
886 1939 987 2028 probe
1003 1943 1095 2008 intel-

252 2031 315 2118 ligi
342 2052 381 2097 eo
408 2050 526 2105 sensu,
554 2051 621 2116 qno
650 2030 680 2091 itt
710 2031 874 2116 proposita
908 2031 1095 2117 quaestione
1152 2089 1153 2110 ,

263 2117 461 2184 adhibentur.
487 2117 524 2180 E.
555 2140 584 2204 g.
613 2121 789 2204 {quaeritur
806 2117 835 2182 in
853 2116 995 2206 physicis
1014 2141 1095 2184 cau-
1152 2165 1153 2168 ,

264 2223 296 2269 sa
313 2208 401 2271 soni?
429 2207 506 2272 haec
521 2211 690 2290 quaestio,
719 2226 754 2270 ut
776 2206 995 2294 intelligatur,
1026 2208 1096 2273 cla-

263 2295 327 2360 tius
343 2293 549 2384 exprimenda
570 2310 601 2358 et
618 2295 793 2358 accuratius
810 2296 852 2358 sic
876 2293 1095 2376 determinan-

264 2381 305 2448 da
329 2403 400 2454 est:
419 2381 629 2468 {Quaesitum
656 2383 822 2467 quomodo
843 2405 903 2469 ego
927 2386 1095 2470 percipiant

211 2469 212 2474 ’
264 2490 398 2548 sonum,
414 2483 508 2556 quern
521 2489 677 2554 campana
689 2492 829 2556 percussa
848 2471 981 2536 emittit?
1006 2472 1095 2536 Nul-
1152 2555 1153 2558 Ἴ

264 2559 293 2622 la
326 2561 356 2622 io
390 2557 494 2624 verbis
523 2558 678 2646 reperitur
706 2556 901 2636 difficultas,
930 2558 955 2632 si
985 2581 1094 2626 vocem

263 2645 462 2712 bencelinus
485 2646 678 2710 definiamus.
705 2643 756 2710 Ita
778 2664 882 2712 autem
906 2668 1014 2713 sensus
1033 2647 1095 2714 de-

242 2735 421 2800 terminari
448 2751 551 2820 potest
566 2758 586 2796 r
606 2734 657 2798 vel
683 2736 784 2822 agitur
808 2735 847 2800 de
864 2755 971 2812 sono,
1000 2758 1096 2824 quent

261 2845 419 2910 campana
432 2823 545 2887 emittit
560 2866 569 2902 ,
597 2820 648 2886 vel
663 2822 816 2905 desorto,
846 2843 940 2908 quem
958 2845 1019 2911 ego
1035 2847 1096 2892 au-

263 2913 326 2978 dio.
353 2911 423 2976 Hic
454 2927 559 2976 autem
584 2909 712 2976 ultimus
734 2926 782 2976 est
809 2911 975 3001 perceptio
1005 2935 1097 2978 men·
