2300 3506
256 124 344 172 unns
367 124 396 170 r.
413 123 573 172 tocrcns.
597 119 675 169 can.
699 121 741 166 rr.
872 100 913 172 61

65 193 129 266 bct
159 188 213 258 ad
234 213 298 260 rem
327 199 437 282 ipsam
452 189 718 284 agnoscendam,
745 204 847 278 atqsre
871 194 915 259 ab

65 281 163 348 aliis
185 279 434 350 discernendam
460 279 675 366 sufficientes.
704 279 916 348 Nominamnt

69 389 158 432 vero
170 369 352 449 obscuram,
365 394 449 461 quae
461 389 555 437 notas
570 389 630 436 nott
639 365 845 450 sufficientes
856 393 918 436 ex-

70 455 176 525 hibet.
203 458 313 536 Quare
334 483 432 547 quum
455 481 550 526 voces
575 461 669 526 ctiam
690 458 867 546 exprimant
884 461 916 524 i·

78 543 178 625 deas,
205 546 279 615 illae
310 565 464 638 poterunt
491 571 556 615 erse
583 548 686 614 clarae
711 549 762 614 vei
789 547 915 614 obscu-

74 655 165 714 rae,
181 659 245 724 pro
262 657 296 704 ut
322 640 439 705 claram
456 639 507 704 vel
521 637 687 706 obscuram
709 637 810 702 ideam
832 636 915 702 sub-

66 723 193 796 iectam
217 724 348 794 habent.
381 728 417 793 Ε.
444 749 475 815 g.
503 749 597 792 voces
618 729 693 792 istae
713 725 764 790 sol
777 772 787 803 ,
812 724 913 809 homo,

59 817 171 892 avis,
202 811 276 892 leo,
305 823 396 882 canis
425 835 489 880 cet.
519 817 622 883 clarae
653 831 748 891 sunt,
778 814 852 900 quia
880 834 914 887 et

68 901 161 986 ipsae
187 905 359 983 notiones,
381 926 460 992 quas
484 905 684 996 significant,
705 901 808 968 clarae
827 921 912 972 sont.

66 993 119 1062 'At
138 991 163 1062 si
188 992 306 1056 animat
318 1012 483 1060 externum
507 999 692 1070 intuentes,
720 989 912 1075 dubitamus,

67 1078 261 1144 cusmidem
284 1081 322 1146 sit
346 1104 419 1148 corn
441 1084 532 1161 aiio,
558 1082 648 1168 qaod
669 1078 743 1146 olim
765 1081 913 1164 vidimutg

71 1167 145 1232 eius
175 1171 340 1236 notionem
365 1170 516 1238 habemus
539 1173 717 1237 obscuram.

71 1305 99 1316 ..
145 1254 197 1320 Ex
211 1257 256 1322 his
278 1259 515 1327 definitionibus
528 1279 638 1348 patet,
652 1261 696 1324 ‘io
711 1258 788 1326 ideis
803 1275 834 1326 et
849 1281 914 1326 vo-

71 1341 169 1416 cibus
186 1345 340 1414 obscuris
363 1351 465 1416 varios
493 1371 562 1416 esse
589 1369 682 1438 posse
711 1346 913 1416 obscuritatis

74 1435 219 1517 gradus,
247 1459 309 1524 pro
328 1438 467 1506 otideae
490 1439 584 1515 illae,
610 1437 780 1504 rel'voces
794 1437 912 1520 quibnt

73 1521 168 1588 ideae
182 1527 428 1610 exprimuntur,
455 1525 636 1616 pluresnel
660 1523 827 1610 panciores
851 1545 914 1590 ex-

76 1605 193 1676 hibent
206 1613 426 1682 insufficientes
440 1633 542 1681 notas.
572 1615 681 1694 Quare
704 1611 794 1676 notio
815 1611 913 1695 clara,

81 1711 116 1758 et
128 1717 196 1760 vox
211 1699 301 1784 ipsa,
325 1726 385 1789 qua
403 1703 612 1794 exprimitur,
639 1699 795 1766 obscurae
819 1701 912 1782 fiunt,

85 1799 118 1846 et
132 1805 214 1869 quae
238 1788 296 1854 iam
316 1793 466 1860 obscurae
485 1811 572 1860 erant
587 1839 596 1872 ,
609 1792 819 1858 obscuriores
832 1811 914 1858 ova-⁴·

81 1868 187 1952 dunt,
217 1877 290 1946 dnm
316 1889 463 1948 notarum
486 1879 715 1969 quarumdam,
745 1901 826 1966 quae
850 1903 915 1952 non

77 1957 124 2026 bis
138 1985 230 2032 erant
245 1988 337 2036 antea
350 1991 551 2059 praesentes,
576 1969 802 2036 obliviscimur.
828 1969 914 2036 Etc-

75 2052 141 2128 nim
165 2079 266 2141 quum
288 2060 381 2124 notio
401 2060 484 2124 clara
507 2061 545 2124 sit
565 2059 608 2124 ob
632 2079 805 2134 notarum,
832 2075 914 2144 quas

73 2143 247 2222 continet,
277 2145 483 2224 sufficientem
515 2169 707 2223 numerum3
738 2146 762 2208 si
791 2144 913 2232 aliquas
987 2171 992 2178 ·

73 2229 294 2312 dediscimus,
322 2237 362 2302 ad
379 2261 442 2302 rem
459 2237 690 2325 agnoscendam
706 2250 802 2320 atque
821 2234 862 2300 ab
875 2259 914 2300 ¹a·

72 2319 122 2384 liis
139 2321 383 2391 discernendam
398 2327 485 2392 haud
505 2326 638 2413 amplius
655 2319 812 2388 sufiiciunt
826 2341 914 2410 pau-

72 2411 198 2491 ciores,
226 2434 363 2498 quarum
380 2414 604 2491 recordamur,
629 2431 750 2489 nomes
775 2409 914 2501 ideoque

71 2499 190 2577 notio,
224 2523 308 2586 quae
323 2534 326 2542 ¹
340 2503 423 2570 clara
444 2520 540 2578 erat,
570 2505 704 2570 obscura
726 2501 856 2580 evadit,
882 2517 914 2570 et

73 2608 162 2674 quac
191 2607 257 2654 etat
281 2590 440 2670 obscura,
466 2591 608 2658 redditur
627 2592 809 2656 obscurior.

120 2671 169 2741 ΙΙ.
217 2677 914 2767 Notionisclaraenotandupiicimodocon-

74 2763 213 2831 siderare
230 2790 414 2856 possumus.
440 2772 510 2838 Vei
532 2794 592 2836 ess·
606 2793 672 2836 uno
693 2767 809 2832 intuitu
826 2789 917 2832 com·

74 2853 334 2940 prehendendo,
365 2859 417 2937 sel
441 2859 578 2950 singulas
599 2882 617 2925 a
640 2881 673 2924 se
696 2857 829 2922 invicem
852 2857 915 2920 diss
