2298 3418
230 99 297 168 aad
477 117 663 164 rusurrvr.
691 115 828 166 sttruos.
854 137 883 170 ς-

229 213 269 258 err
292 187 410 279 quibus
429 186 544 254 deinde
562 187 853 276 'propositionibus
875 208 931 276 pet
953 208 1073 256 conse·
1133 179 1134 262 ᾗ

227 279 374 365 quentiae
414 277 569 364 legitimas
603 281 751 349 latentem
781 296 873 344 antea
898 276 1074 346 ueritatem
1133 285 1134 292 ’

228 369 376 439 eruimus.
400 364 502 454 Igitur
526 384 725 453 praesentem
743 365 785 432 de
808 365 947 437 veritatis
964 366 1073 434 crite-

230 458 277 534 rio
308 456 525 542 quaestionem
560 455 716 522 nonsatis
746 473 892 522 accurate
920 471 1076 526 ³tractare

227 545 374 612 ridentur
389 542 409 608 ii
428 589 439 621 ‚
459 545 514 647 qui
531 544 570 610 de
584 544 741 623 evidentia
756 543 927 633 generatim
952 563 1076 631 agunt,

230 649 262 711 et
297 635 358 706 toti
387 651 461 704 sunt
496 653 529 696 tn
551 631 711 700 solvendis
739 634 1004 702 Academicorum
1035 652 1076 701 et
1131 679 1132 682 =

228 721 500 828 pyrfhouicorum
524 719 757 790 obiectionibus
779 768 791 803 ,
816 740 852 796 ut
875 722 936 788 iam
950 720 1078 792 obser-

233 831 388 881 vavrmus.

157 972 165 978 ,
238 957 240 962 .
295 901 421 971 Obiter.
441 919 471 964 2.
491 897 651 966 Veritatis
678 898 840 967 criterium
862 896 1075 988 potestesse
1133 877 1134 948 i

228 989 417 1078 principium
443 985 551 1064 iliud;
578 988 778 1075 impossibile
791 1002 866 1067 ert,
887 986 974 1054 idem
998 1011 1072 1054 esse
1133 1029 1134 1064 t

230 1075 377 1150 simulet
392 1100 454 1145 nott
478 1098 574 1143 este:
598 1098 674 1164 ergo
696 1093 820 1164 praeter
842 1079 965 1164 regulas
981 1075 1070 1165 logi·
1133 1107 1134 1110 ¹

229 1189 309 1246 cae,
324 1168 434 1235 saltem
452 1162 686 1252 aliquodaiiud
699 1181 768 1232 esse
791 1167 910 1254 poterit
925 1165 1071 1232 veritatIs
1133 1183 1134 1196 ¹

227 1255 519 1340 criterium-Rem.
548 1253 621 1318 dist.
644 1269 709 1320 ant.
727 1300 737 1343 ,
754 1271 786 1320 et
807 1255 989 1342 propositio
1006 1255 1070 1322 de·
1133 1295 1134 1340 5

229 1341 434 1420 monstranda
467 1342 509 1408 ad
544 1343 742 1430 principium*
766 1342 847 1408 iilud
876 1365 933 1431 per
967 1365 1071 1432 regu·
1133 1347 1134 1386 i

225 1432 275 1500 las
301 1433 424 1524 logicae
445 1430 555 1498 reduci
581 1430 701 1510 debet,
724 1431 765 1496 C.
781 1478 793 1511 ‚
810 1453 900 1499 secus
910 1471 928 1510 1,
948 1431 996 1496 N.
1014 1431 1071 1498 Ad

228 1521 446 1592 obiectionem
466 1521 550 1587 iliam
572 1521 685 1586 eadem
710 1537 759 1586 est
772 1564 794 1598 „
809 1540 890 1606 quae
907 1519 949 1584 ad
975 1541 1070 1606 prae·
1133 1555 1134 1588 t

230 1611 397 1686 cedentem
422 1601 598 1698 responsio.
613 1610 743 1674 Praeter
759 1607 1070 1680 demonstrationem

229 1697 384 1783 directam
409 1701 499 1764 aliam
520 1719 591 1764 ,esse
615 1696 779 1776 diximus,
807 1717 867 1768 nec
894 1698 994 1762 miuus
1021 1699 1070 1764 in·

228 1789 345 1852 victam
376 1785 614 1854 demonstrandi
652 1787 839 1866 rationem,
880 1787 1070 1854 indirectam

229 1875 374 1954 scilicet,
395 1877 427 1940 in
458 1895 522 1959 qua
549 1874 729 2028 propositio
755 1874 862 1962 aliqua
884 1875 926 1942 ad
950 1875 1069 1947 absur-

229 1963 306 2034 dum
334 1962 387 2030 vel
420 1962 549 2050 impossi
574 1964 615 2030 ile
639 1963 832 2044 reducitur,
859 1964 946 2032 unde
975 1979 1069 2052 patet
1133 1989 1134 2036 t

229 2051 461 2140 propositionis
485 2052 754 2121 contradictoriae
785 2052 925 2126 ueritas.v
941 2053 1069 2142 Asper
1133 2099 1134 2122 2

229 2141 363 2230 regulas
383 2141 622 2211 demonstrandi
645 2140 687 2206 ad
717 2139 910 2228 principium
932 2157 1088 2208 contra-.

230 2228 377 2299 dictionis
403 2231 512 2298 reduci
545 2227 642 2297 debet
668 2231 844 2316 propositio
872 2230 1004 2319 aliqua,
1032 2253 1071 2298 ac

231 2320 368 2406 proinde
402 2341 501 2407 quum
533 2319 718 2404 principium
746 2317 827 2384 iliud
848 2339 917 2406 ‚per
943 2319 1069 2410 regulas

229 2407 534 2498 logicaeapplicari
570 2407 709 2484 debeat,
747 2409 920 2495 improprie
946 2426 1071 2474 tantum

231 2511 264 2562 et
289 2513 408 2566 remote
431 2513 584 2584 tamquau
610 2495 751 2566 veritatis
775 2498 934 2570 criterium
958 2495 1072 2568 haberi

238 2602 371 2674 potesse
