2298 3418
22 209 23 216 ,
254 167 337 215 mm
361 167 437 216 ttt.
462 169 633 216 tentent.
656 167 734 216 cnr.
768 165 798 212 t.
882 147 943 236 187

22 217 29 312 l
103 237 312 322 componitur
334 261 371 306 ex
394 240 534 305 terminis
564 235 738 329 syllogismi
767 237 925 304 extremis.

173 325 437 415 Vulgatissimum
463 348 511 394 est
529 326 614 414 apud
629 325 837 392 scholasticos
856 326 947 414 ptin-

105 413 241 499 cipium,
271 417 360 502 quod
386 417 513 482 dicrum
538 417 581 484 de
603 419 690 483 omni
710 431 743 480 et
772 413 862 481 nullo
891 435 948 500 ap·

103 505 407 590 pontenurum
436 503 478 572 de
513 509 598 571 otnni
634 505 720 592 apud
756 505 947 570 recentioret

100 591 177 656 nihil
202 593 289 658 alind
312 593 484 682 signifiat,
509 597 565 660 nisi
582 594 833 684 propositionem
850 589 946 669 itanc,

99 704 239 768 nempe:
268 683 433 773 quidquid
456 682 498 749 dr
518 705 637 774 genere
661 681 713 748 vel
734 687 840 769 specie
864 684 952 746 ontnr'

100 769 277 851 affirmari
295 787 424 860 potest,
450 775 549 838 etiam
572 770 665 838 illud
686 767 854 854 affirmari
873 784 950 856 pot·

103 875 153 926 est
178 859 227 926 de
256 864 367 950 quovit
392 862 451 926 rub
478 859 537 926 illo
556 880 677 948 genere
702 857 755 922 orl
779 855 841 923 illa
868 881 951 940 spe·

102 953 150 1014 tie
181 965 343 1014 contento.
375 949 402 1012 E
433 951 592 1018 contrario
628 949 753 1013 dictum
787 946 829 1012 de
861 943 951 1012 nullo

105 1038 288 1122 appellatur
316 1039 496 1125 propositio
522 1038 600 1115 ista,
626 1035 760 1100 scilicet:
789 1033 957 1126 q'ttt‘dqm'd

22 1121 23 1126 ’
109 1123 285 1212 degenere
308 1131 361 1190 vel
384 1121 489 1214 speeie
513 1129 598 1192 omni
620 1142 782 1216 negatur,
800 1121 890 1191 illud
910 1139 954 1187 et·
1012 1127 1014 1131 ’

109 1215 174 1278 r'am
209 1213 252 1280 de
280 1219 389 1302 qutm't
424 1215 483 1280 sub
510 1213 569 1280 illo
586 1235 706 1304 genere
728 1209 780 1278 vel
804 1215 865 1280 snb
887 1209 954 1282 illa

48 1353 51 1359 .
108 1305 218 1389 specie
242 1317 388 1368 contento
410 1305 526 1392 negari
546 1301 654 1370 delet.
673 1303 808 1368 Dicerem
825 1301 867 1368 de
883 1324 955 1367 om·

109 1387 152 1454 ni*
178 1405 213 1458 er
252 1389 342 1456 nullo
371 1389 429 1456 hac
458 1413 520 1458 una
552 1393 769 1480 propositione
796 1389 953 1478 exprimi-

110 1493 186 1544 ture
210 1477 253 1547 de
277 1478 474 1568 quibusdam
495 1485 663 1570 speciebus
685 1477 738 1544 vel
762 1478 955 1558 individuis,

111 1571 178 1632 rive
208 1567 380 1645 absolute,
406 1573 475 1634 sive
504 1573 564 1634 sub
591 1589 751 1655 expressa
776 1566 958 1632 conditione

112 1654 355 1739 offirmanelum
383 1655 435 1722 vel
468 1656 652 1746 negandum
687 1670 761 1733 est,
792 1653 882 1743 quod
913 1653 957 1720 de

108 1765 232 1830 genere
263 1743 317 1810 vel
344 1749 469 1834 speeie,
497 1750 563 1812 sire
591 1741 768 1821 absolute,
795 1747 862 1810 rive
898 1744 958 1810 rub

113 1857 278 1922 expressa
303 1833 483 1902 conditione
506 1831 676 1919 affirmari
697 1832 749 1898 vel
765 1835 881 1922 negari
890 1848 962 1919 pot·

115 1941 176 1986 est.
211 1922 303 1990 Hauc
334 1923 588 2011 propositionem
618 1925 676 1989 iant
708 1922 779 1988 alibi
806 1924 961 1989 demont-

116 2011 281 2076 ttavimns.
314 2009 351 2074 E.
381 2033 413 2100 g.
443 2011 482 2077 de
508 2013 593 2076 ontni
623 2007 781 2097 triangulo
809 2011 838 2075 in
868 2031 962 2100 gener

119 2121 152 2164 te
170 2099 394 2188 praeditatur,
417 2100 506 2188 qnod
519 2099 634 2166 habeat
657 2119 719 2168 tres
736 2101 891 2187 angulos,
911 2097 961 2165 vel

120 2189 208 2274 qnod
233 2211 295 2254 non
320 2187 434 2254 haltrat
459 2207 612 2276 quattuor
636 2190 778 2278 angulos.
805 2186 895 2254 Idem
911 2207 983 2266 et-¹

120 2274 179 2340 iam
205 2277 382 2364 praedicati
409 2296 518 2367 potest
543 2281 581 2344 de
606 2279 717 2366 quavis
740 2279 844 2361 specie
867 2279 963 2340 trian-

25 2447 26 2450 ,
123 2368 295 2466 gulotum,
321 2365 414 2432 etde
438 2367 606 2432 individuis
630 2365 881 2454 quibuscumque
907 2385 965 2432 cu·

124 2455 250 2520 tnslibet
278 2455 392 2535 speciei
424 2455 664 2544 triangulorum.
697 2455 781 2520 Huic
809 2455 964 2542 principio

123 2542 245 2610 dierunt
275 2542 317 2609 de
348 2547 433 2608 omni
459 2559 489 2608 et
508 2543 613 2620 ‘nullo
649 2546 822 2609 innituntur
857 2564 966 2608 omnes

127 2633 385 2722 syllogismorum
422 2649 453 2698 et
492 2633 796 2698 demonstrationum
828 2633 965 2722 tegulae.

127 2717 190 2782 Hic
224 2722 327 2787 obiter
366 2743 495 2786 monete
526 2724 673 2786 volumus
706 2722 872 2786 utilitatem
904 2721 969 2782 ltu·

129 2807 174 2870 int
198 2808 364 2896 principii,
387 2810 477 2898 quod
502 2831 662 2896 tamquam
692 2809 859 2874 barbatum
886 2805 971 2870 sasti-

27 2918 28 2948 1
131 2894 217 2965 dione
232 2899 406 2966 traducunt
421 2899 789 2977 nonnullitecentiores,
802 2899 855 2982 qui
871 2895 969 2966 tuboe
