2326 3438
255 205 340 253 rans
363 207 394 252 r.
417 201 577 252 notatu.
601 199 678 250 ortt
703 201 734 248 t.
834 259 837 266 ¹

56 273 274 360 affirmari,
311 297 374 342 non
403 273 523 362 pendet
553 295 571 338 a
598 263 913 340 certitudine'iiiiust

58 363 278 454 impossibili
294 380 344 430 est
364 381 453 442 cet.;
475 383 551 451 ergo
573 360 761 450 principium
782 379 914 426 contra·

65 454 225 520 dictionis
249 475 314 518 noo
340 471 387 519 est
410 453 550 518 omnium
572 451 717 537 primum.
740 449 839 538 Resp.
869 447 914 514 N.

68 560 144 610 aur.
172 541 302 618 Etenim
330 561 366 614 ut
392 542 469 616 cerri
494 541 586 606 simus
610 539 651 606 de
684 536 766 604 iliius
795 535 915 604 verita-

67 649 128 709 te,
147 651 280 708 necesse
297 646 365 709 est,
392 651 450 694 nos
474 630 557 716 ptius
577 647 790 716 cognoscere,
812 627 916 693 ideam

70 720 226 788 eamdem
239 719 367 796 ,claram
387 737 418 784 et
443 717 623 784 distinctam
644 737 707 784 non
733 739 826 803 posse
849 735 918 783 esse

74 808 175 876 simui
204 806 376 888 obscuram
404 825 436 886 et
459 802 648 885 confusam3
674 805 763 892 quod
788 807 923 896 quidem*

77 919 149 965 esse
181 919 248 972 non
277 913 408 984 potest,
444 897 500 960 nisi
528 899 635 983 potita
667 894 796 962 veritate
824 894 916 960 huius

77 985 255 1075 principiis
275 981 471 1074 impossibile
494 999 543 1060 cst
563 999 626 1049 cet.
642 982 795 1062 Quamvis
810 999 917 1058 autem

80 1095 154 1144 nou
182 1071 378 1148 attendamus
406 1072 448 1138 ad
476 1070 563 1144 istud
593 1071 811 1160 principium,
839 1072 919 1136 iilius

84 1179 197 1227 tamen
223 1163 437 1236 certitudinem
469 1165 600 1250 temper
623 1159 918 1251 praesupponimus.

84 1250 256 1327 Praeterea
278 1253 370 1338 utin
398 1249 473 1316 dato
493 1271 570 1318 casu
592 1248 775 1324 adhibeatur
797 1248 920 1337 princi·

83 1340 178 1428 pium
192 1339 293 1406 istud:
316 1335 483 1432 quidquid
496 1344 528 1403 in
544 1335 620 1407 idea
636 1357 698 1406 cet.
714 1359 841 1409 necesse
859 1354 920 1417 est,

83 1428 176 1517 ptius
199 1427 354 1504 efformari
379 1431 539 1494 notionem
564 1428 632 1505 rei,
657 1424 697 1490 ad
722 1450 815 1514 quam
840 1427 922 1494 idem

85 1516 276 1605 principium
298 1514 465 1587 transferte
481 1517 639 1579 volumus.
658 1515 737 1580 Non
752 1535 922 1604 possumus

87 1625 197 1672 autem
221 1607 384 1674 notionem
407 1603 450 1682 tei
477 1603 661 1682 efformare,
685 1602 740 1668 nisi
769 1623 924 1691 agnosca·

88 1715 181 1770 mus,
202 1715 271 1759 eam
292 1715 359 1769 esse
380 1692 563 1782 possibilem
584 1713 675 1758 seua
696 1690 924 1757 contradictio·

47 1807 49 1814 ’
89 1805 131 1850 ue
147 1781 301 1862 liberam,
323 1782 412 1870 quod
430 1782 493 1848 fieti
512 1801 575 1852 non
594 1797 726 1868 potest,
749 1781 805 1856 uisi
821 1781 926 1868 posita

92 1873 224 1954 veritate·
245 1871 392 1961 principii
413 1869 686 1944 contradictionis,

158 1959 288 2038 Obiecn
309 1983 340 2042 4.
361 1961 477 2024 ⁴Plures
506 1977 578 2031 sunt
604 1959 751 2036 veritates
774 1953 927 2046 pluraque

94 2049 250 2127 axiomata
263 2048 362 2122 ‘nobis
385 2047 557 2126 certissime
578 2065 673 2125 nota,
699 2068 771 2114 anre
797 2071 868 2114 uam
887 2049 929 2115 dc

95 2137 252 2224 principio
275 2135 338 2208 isto
362 2137 536 2212 universale
557 2154 588 2200 et
614 2135 745 2206 maxime
767 2159 784 2200 a
810 2155 928 2202 structo

97 2227 296 2314 cogitemus3
335 2247 411 2314 ergo
447 2223 633 2328 principium
671 2225 929 2289 contradictionis

98 2335 161 2382 non
184 2331 232 2380 est
254 2315 393 2391 omniurn
410 2333 558 2401 primum.
577 2311 677 2397 Resp.
695 2311 736 2374 C.
752 2329 815 2375 ant.
834 2329 865 2375 et
880 2311 929 2375 N.

98 2423 186 2466 cons.
209 2401 288 2470 Non
310 2402 392 2467 enirn
414 2401 654 2478 contendimus,
673 2419 797 2465 onmem
816 2397 933 2464 huma·

101 2511 169 2556 nam
196 2491 409 2578 cognitionem
434 2489 473 2554 ab
503 2489 563 2553 hoc
588 2487 755 2558 universali
781 2487 933 2574 principio

102 2579 259 2664 incipere,
276 2601 375 2664 quum
393 2601 409 2644 e
424 2577 583 2646 contrario
600 2577 794 2664 cognitiones
811 2595 935 2642 nostras

64 2665 66 2675 '
104 2688 120 2732 a
148 2665 356 2756 singularibus
379 2667 566 2752 proticisci,
596 2667 655 2731 iam
685 2665 935 2731 demonstratum

106 2751 201 2844 (uerit.
217 2753 291 2820 Hoc
306 2777 404 2820 unum
421 2753 573 2831 dicimus,
598 2775 727 2840 nempe,
747 2755 935 2841 principium

105 2841 358 2926 contradictionis
383 2865 451 2909 esse
478 2845 616 2909 omniurn
644 2845 776 2929 primum
799 2865 837 2907 eo
862 2865 937 2908 sen-

106 2951 160 3012 tu,
176 2931 265 3019 quod
279 2931 336 2997 alia
352 2932 455 3004 omnia
470 2933 627 2998 axiomata
642 2931 683 2997 ad
700 2931 778 2996 iliud
794 2929 935 2996 revocari
