2270 3416
297 121 379 170 unns
400 121 430 168 tt
451 119 611 169 tautam.
632 117 709 168 ont.
727 118 752 167 t.
908 123 969 185 141

77 189 263 256 existentiae
279 192 383 256 muudi
399 190 490 256 huius
515 189 760 277 adspectabilis3
785 207 861 280 ergo
887 194 976 256 exis·

59 323 61 325 -
80 277 119 340 tit
134 277 234 344 Deus.
252 275 335 345 Tota
351 279 577 345 demonstratio
598 277 675 344 haec
692 277 811 366 pendet
828 300 868 346 ex
888 281 976 369 ptiu-

82 365 173 451 cipiis
191 366 281 444 huius
297 370 403 456 capitis
419 368 507 432 initio
523 367 709 454 praemissis.

148 452 306 532 Quoniam
342 473 446 522 autem
483 457 570 522 Deus
602 474 648 521 est
681 475 735 521 ens
766 477 785 520 a
817 473 877 532 se,
913 453 975 609 ipsi

80 543 276 608 conueniunt
297 547 421 624 omnia,
444 566 527 634 quae
549 544 611 610 enti
633 567 650 610 a
673 567 706 610 se
727 541 897 626 convenite
937 568 976 612 e-

79 633 335 698 monstravimus.
359 635 446 700 Deus
470 634 563 723 igitur
584 634 614 694 vi
639 633 767 720 propria
794 647 826 695 et
849 651 905 718 pet
926 654 977 698 es·

80 720 214 785 sentiam
251 743 338 788 suam
373 722 503 800 existit,
536 722 719 806 nullumque
750 720 886 806 proinde
911 719 975 784 ha·

80 804 155 872 bete
192 825 300 896 potest
338 811 518 877 existentiae
553 812 674 874 initium
708 807 830 872 nullum
872 808 978 878 finem.

30 976 34 982 Ι
81 893 192 969 Quare
233 919 305 962 cum
342 899 506 964 aeternitas
542 897 584 962 sit
620 898 782 962 existentia
822 917 880 960 uec
911 899 977 963 itti·

80 983 160 1048 tium
184 1005 241 1050 nec
265 987 354 1052 finem
381 986 526 1066 habeus,
550 986 639 1050 Deus
660 1003 707 1052 est
735 1003 889 1050 aeternus.
916 987 975 1054 Est

81 1081 218 1158 quoque·
246 1095 299 1140 eus
335 1077 493 1162 simplex,
525 1073 665 1162 ideoque
689 1075 914 1160 incorporeum
942 1089 975 1140 et

81 1177 148 1222 uon
178 1166 353 1228 extensum.
377 1163 479 1232 Vnde
511 1162 703 1250 impossibile
728 1180 800 1240 est,
831 1175 869 1226 tat
898 1180 976 1248 spa-

82 1245 160 1308 tium
185 1247 336 1315 infinitum
363 1251 403 1318 sit
433 1253 519 1316 Deus
547 1252 598 1316 vel
625 1251 809 1316 attributum
833 1248 905 1314 Dei.
932 1250 976 1316 Et

79 1335 156 1419 quia
187 1339 316 1423 simplex
344 1357 415 1417 est,
443 1361 501 1406 nec
528 1337 667 1403 sensibus
695 1361 753 1405 nec
782 1338 976 1426 imaginatio·

79 1443 121 1487 ne
145 1427 263 1514 percipi
286 1448 323 1492 ac
346 1429 568 1514 repraesentari
591 1442 709 1514 potest.
734 1428 790 1490 Est
815 1431 906 1514 igitur
929 1430 976 1494 iu·

78 1511 209 1584 visibilis
233 1531 327 1601 atque
350 1517 442 1580 etiam
463 1517 644 1580 omnimode
665 1514 921 1603 incorruptibilis.

148 1601 237 1668 Haec
259 1603 385 1692 quidem
408 1604 514 1668 omnia
533 1606 693 1690 scripturis
716 1606 806 1665 sactis
834 1596 977 1670 consona

76 1709 167 1754 sunt.
193 1691 279 1756 Nam
301 1691 419 1758 Exodi
431 1715 463 1780 3.
482 1715 511 1758 v.
534 1713 583 1774 14.
606 1693 695 1758 Deus
712 1691 775 1754 ltoc
791 1689 845 1755 sibi
862 1713 978 1758 nornen

75 1777 208 1842 tribuit:
233 1799 289 1868 ego
304 1802 394 1858 sum,
417 1785 477 1868 qui
489 1777 579 1858 ium,
606 1781 649 1844 ait
671 1780 801 1869 Moysi:
817 1783 867 1845 sic
884 1781 977 1848 dices

61 1863 161 1949 filiis
183 1865 311 1932 Israi'l:
333 1871 392 1962 qui
413 1885 481 1946 est,
503 1873 591 1933 misit
608 1891 655 1933 mr
671 1871 798 1934 advos.
824 1869 897 1932 Hoc
911 1891 978 1933 no-

6 1979 7 1982 *
74 1953 180 2018 minet
201 1960 350 2042 quiem,
373 1955 561 2042 significatur
578 1955 699 2044 aliquid
714 1955 786 2022 Deo
801 1957 976 2038 essentiale,

73 2041 168 2106 alteri
211 2043 339 2109 cuilibet
377 2046 440 2109 enti
475 2045 799 2125 incommunicabile,
837 2045 977 2134 ideoque¹

73 2131 244 2196 existentia
282 2133 323 2196 ad
360 2132 523 2198 essentiam
554 2133 615 2198 Dei
644 2137 800 2220 pertinet,
825 2149 856 2198 et
886 2135 977 2200 Deus

74 2237 139 2306 per
164 2221 328 2285 essentiam
354 2241 442 2286 suam
473 2223 596 2298 existit,
627 2243 664 2285 ex
695 2225 848 2309 scriptura
875 2243 977 2302 saera.

74 2306 167 2370 Hinc
202 2310 293 2376 etiarn
331 2329 427 2396 saepe
462 2309 641 2396 appellatur
680 2309 774 2375 Dens
809 2322 977 2390 aeternus,

70 2397 272 2484 principium
296 2413 328 2461 tt
344 2395 451 2480 finis,
475 2401 533 2487 qui
552 2413 624 2476 est,
652 2402 712 2486 qui
737 2390 832 2470 erat,
861 2411 894 2462 et
920 2401 980 2486 qui

77 2499 234 2551 venturus
258 2501 320 2550 est.
346 2485 470 2549 Dicitur
494 2485 586 2551 etiam
609 2483 875 2574 incorruptibilis,
893 2487 978 2550 invi-

77 2569 202 2651 sibilis,
231 2574 318 2638 nulla
346 2573 477 2659 imagine
510 2595 665 2658 corporea
692 2575 976 2660 repraesentabilist

77 2677 286 2727 mutaverunt
310 2663 427 2726 scilicet
455 2680 590 2748 gentes,
609 2661 755 2748 gloriam
777 2668 981 2752 incorrupti·

7 2757 10 2764 ’
78 2747 157 2814 bilis
182 2749 253 2814 Dei
286 2753 321 2814 in
352 2747 601 2815 similitudinem
629 2752 780 2838 imaginis
812 2755 980 2838 corrupti-

6 2881 10 2886 ·
77 2836 156 2903 bilis
182 2838 339 2917 bominis,
365 2854 397 2902 et
421 2838 588 2902 volucrum
611 2853 643 2902 et
669 2839 920 2926 quadrupedum
944 2848 979 2903 et

80 2931 297 3008 serpentium,
323 2925 364 2990 ad
385 2925 481 2988 Rom.
506 2947 579 3009 cap.
600 2919 640 2990 ’1.
664 2949 693 2988 v.
717 2949 770 3014 ²5·
798 2927 912 3012 ltaque
937 2947 979 2992 ex

80 3013 209 3080 notione
232 3014 354 3092 entisa
376 3035 410 3078 se
432 3034 467 3078 ea
494 3014 674 3085 derivantur
700 3014 871 3094 attributa,
897 3034 980 3104 quae
