<?xml version="1.0" encoding="UTF-8"?>
<!DOCTYPE html PUBLIC "-//W3C//DTD XHTML 1.0 Transitional//EN"
    "http://www.w3.org/TR/xhtml1/DTD/xhtml1-transitional.dtd">
<html xmlns="http://www.w3.org/1999/xhtml" xml:lang="en" lang="en">
 <head>
  <title>
</title>
<meta http-equiv="Content-Type" content="text/html;charset=utf-8" />
  <meta name='ocr-system' content='tesseract 3.04.00' />
  <meta name='ocr-capabilities' content='ocr_page ocr_carea ocr_par ocr_line ocrx_word'/>
</head>
<body>
  <div class='ocr_page' id='page_1' title='image "./institutionesph00jacqgoog_0462.png"; bbox 0 0 2264 3420; ppageno 0'>
   <div class='ocr_carea' id='block_1_1' title="bbox 1 95 1037 3086">
    <p class='ocr_par' dir='ltr' id='par_1_1' title="bbox 294 95 971 170">
     <span class='ocr_line' id='line_1_1' title="bbox 294 95 971 170; baseline 0.006 -30"><span class='ocrx_word' id='word_1_1' title='bbox 294 95 377 142; x_wconf 76' lang='lat' dir='ltr'>rans</span> <span class='ocrx_word' id='word_1_2' title='bbox 401 95 612 146; x_wconf 75' lang='lat' dir='ltr'>r1urtrrtnu.</span> <span class='ocrx_word' id='word_1_3' title='bbox 640 99 717 147; x_wconf 81' lang='lat' dir='ltr'>ottr-</span> <span class='ocrx_word' id='word_1_4' title='bbox 735 98 776 144; x_wconf 87' lang='lat' dir='ltr'>rr.</span> <span class='ocrx_word' id='word_1_5' title='bbox 915 99 971 170; x_wconf 79' lang='grc' dir='ltr'>-ςς</span> 
     </span>
    </p>

    <p class='ocr_par' dir='ltr' id='par_1_2' title="bbox 1 161 1020 764">
     <span class='ocr_line' id='line_1_2' title="bbox 78 161 975 256; baseline 0.011 -30"><span class='ocrx_word' id='word_1_6' title='bbox 78 177 139 226; x_wconf 73' lang='lat' dir='ltr'>sas</span> <span class='ocrx_word' id='word_1_7' title='bbox 167 161 303 240; x_wconf 81' lang='lat' dir='ltr'><strong>nodosi,</strong></span> <span class='ocrx_word' id='word_1_8' title='bbox 326 164 480 252; x_wconf 85' lang='lat' dir='ltr'>liquorem</span> <span class='ocrx_word' id='word_1_9' title='bbox 493 189 651 256; x_wconf 87' lang='lat' dir='ltr'>aquosum</span> <span class='ocrx_word' id='word_1_10' title='bbox 676 190 714 234; x_wconf 85' lang='lat' dir='ltr'>ex</span> <span class='ocrx_word' id='word_1_11' title='bbox 729 165 975 254; x_wconf 79' lang='lat' dir='ltr'>partibus&#39;ver-</span> 
     </span>
     <span class='ocr_line' id='line_1_3' title="bbox 1 250 977 327; baseline 0.014 -14"><span class='ocrx_word' id='word_1_12' title='bbox 1 294 3 299; x_wconf 86' lang='lat'><em>·</em></span> <span class='ocrx_word' id='word_1_13' title='bbox 84 265 148 314; x_wconf 79' lang='lat' dir='ltr'>sus</span> <span class='ocrx_word' id='word_1_14' title='bbox 159 250 414 320; x_wconf 81' lang='lat' dir='ltr'>cordelereotes.</span> <span class='ocrx_word' id='word_1_15' title='bbox 427 258 545 322; x_wconf 84' lang='lat' dir='ltr'>Similes</span> <span class='ocrx_word' id='word_1_16' title='bbox 560 256 623 322; x_wconf 87' lang='lat' dir='ltr'>fere</span> <span class='ocrx_word' id='word_1_17' title='bbox 637 257 800 322; x_wconf 79' lang='lat' dir='ltr'>canaliculi</span> <span class='ocrx_word' id='word_1_18' title='bbox 812 277 886 323; x_wconf 90' lang='lat' dir='ltr'>sunt</span> <span class='ocrx_word' id='word_1_19' title='bbox 900 279 977 327; x_wconf 79' lang='lat' dir='ltr'>vasa</span> 
     </span>
     <span class='ocr_line' id='line_1_4' title="bbox 87 335 974 434; baseline 0.014 -33"><span class='ocrx_word' id='word_1_20' title='bbox 87 335 232 416; x_wconf 73' lang='lat' dir='ltr'>laeua,</span> <span class='ocrx_word' id='word_1_21' title='bbox 255 363 337 429; x_wconf 86' lang='lat' dir='ltr'>qnae</span> <span class='ocrx_word' id='word_1_22' title='bbox 352 343 477 431; x_wconf 82' lang='lat' dir='ltr'>clylum</span> <span class='ocrx_word' id='word_1_23' title='bbox 492 366 530 410; x_wconf 83' lang='lat' dir='ltr'>ex</span> <span class='ocrx_word' id='word_1_24' title='bbox 547 347 699 412; x_wconf 73' lang='lat' dir='ltr'>intestinis</span> <span class='ocrx_word' id='word_1_25' title='bbox 719 349 760 412; x_wconf 82' lang='lat' dir='ltr'>ad</span> <span class='ocrx_word' id='word_1_26' title='bbox 776 361 974 434; x_wconf 76' lang='lat' dir='ltr'>receptacu-</span> 
     </span>
     <span class='ocr_line' id='line_1_5' title="bbox 1 424 976 522; baseline 0.007 -28"><span class='ocrx_word' id='word_1_27' title='bbox 1 472 3 494; x_wconf 61' lang='lat' dir='ltr'>t</span> <span class='ocrx_word' id='word_1_28' title='bbox 89 424 163 491; x_wconf 80' lang='lat' dir='ltr'>lum</span> <span class='ocrx_word' id='word_1_29' title='bbox 177 429 354 496; x_wconf 87' lang='lat' dir='ltr'>adducunt.</span> <span class='ocrx_word' id='word_1_30' title='bbox 370 434 450 498; x_wconf 70' lang='grc' dir='ltr'>ιειι.ο</span> <span class='ocrx_word' id='word_1_31' title='bbox 463 431 635 522; x_wconf 75' lang='lat' dir='ltr'>Pinguedo</span> <span class='ocrx_word' id='word_1_32' title='bbox 650 455 697 500; x_wconf 84' lang='lat' dir='ltr'>est</span> <span class='ocrx_word' id='word_1_33' title='bbox 711 436 880 501; x_wconf 83' lang='lat' dir='ltr'>substantia</span> <span class='ocrx_word' id='word_1_34' title='bbox 893 436 976 502; x_wconf 87' lang='lat' dir='ltr'>rnol-</span> 
     </span>
     <span class='ocr_line' id='line_1_6' title="bbox 92 516 974 602; baseline 0.012 -23"><span class='ocrx_word' id='word_1_35' title='bbox 92 516 153 593; x_wconf 87' lang='lat' dir='ltr'>lis,</span> <span class='ocrx_word' id='word_1_36' title='bbox 181 517 315 597; x_wconf 86' lang='lat' dir='ltr'>olensa,</span> <span class='ocrx_word' id='word_1_37' title='bbox 342 541 381 584; x_wconf 88' lang='lat' dir='ltr'>ex</span> <span class='ocrx_word' id='word_1_38' title='bbox 400 521 546 588; x_wconf 75' lang='lat' dir='ltr'>albedine</span> <span class='ocrx_word' id='word_1_39' title='bbox 569 525 759 602; x_wconf 74' lang='lat' dir='ltr'>flavescens,</span> <span class='ocrx_word' id='word_1_40' title='bbox 782 523 815 586; x_wconf 92' lang='lat' dir='ltr'>in</span> <span class='ocrx_word' id='word_1_41' title='bbox 829 523 974 590; x_wconf 77' lang='lat' dir='ltr'>vericulis</span> 
     </span>
     <span class='ocr_line' id='line_1_7' title="bbox 89 603 975 682; baseline 0.016 -14"><span class='ocrx_word' id='word_1_42' title='bbox 89 603 323 673; x_wconf 81' lang='lat' dir='ltr'>membranosis</span> <span class='ocrx_word' id='word_1_43' title='bbox 344 628 505 678; x_wconf 87' lang='lat' dir='ltr'>contenta.</span> <span class='ocrx_word' id='word_1_44' title='bbox 521 612 673 679; x_wconf 85' lang='lat' dir='ltr'>Eiusdem</span> <span class='ocrx_word' id='word_1_45' title='bbox 697 610 760 678; x_wconf 87' lang='lat' dir='ltr'>lete</span> <span class='ocrx_word' id='word_1_46' title='bbox 787 611 902 678; x_wconf 91' lang='lat' dir='ltr'>indolis</span> <span class='ocrx_word' id='word_1_47' title='bbox 926 629 975 682; x_wconf 83' lang='lat' dir='ltr'>ets</span> 
     </span>
     <span class='ocr_line' id='line_1_8' title="bbox 90 693 1020 764; baseline 0.009 -8"><span class='ocrx_word' id='word_1_48' title='bbox 90 693 234 758; x_wconf 82' lang='lat' dir='ltr'><strong>medulla</strong></span> <span class='ocrx_word' id='word_1_49' title='bbox 251 699 380 762; x_wconf 81' lang='lat' dir='ltr'>ostium.</span> <span class='ocrx_word' id='word_1_50' title='bbox 1013 753 1020 764; x_wconf 95' lang='lat'>.</span> 
     </span>
    </p>

    <p class='ocr_par' dir='ltr' id='par_1_3' title="bbox 162 782 976 874">
     <span class='ocr_line' id='line_1_9' title="bbox 162 782 976 874; baseline 0.009 -28"><span class='ocrx_word' id='word_1_51' title='bbox 162 782 275 848; x_wconf 88' lang='lat' dir='ltr'>Descti</span> <span class='ocrx_word' id='word_1_52' title='bbox 302 787 340 850; x_wconf 85' lang='lat' dir='ltr'>tis</span> <span class='ocrx_word' id='word_1_53' title='bbox 369 787 430 852; x_wconf 87' lang='lat' dir='ltr'>ianr</span> <span class='ocrx_word' id='word_1_54' title='bbox 454 785 597 874; x_wconf 85' lang='lat' dir='ltr'>partibus</span> <span class='ocrx_word' id='word_1_55' title='bbox 625 785 731 854; x_wconf 88' lang='lat' dir='ltr'>solidis</span> <span class='ocrx_word' id='word_1_56' title='bbox 743 835 755 866; x_wconf 92' lang='lat'>,</span> <span class='ocrx_word' id='word_1_57' title='bbox 776 807 880 874; x_wconf 84' lang='lat' dir='ltr'>patres</span> <span class='ocrx_word' id='word_1_58' title='bbox 899 788 976 854; x_wconf 83' lang='lat' dir='ltr'>dui-</span> 
     </span>
    </p>

    <p class='ocr_par' dir='ltr' id='par_1_4' title="bbox 88 809 1037 3086">
     <span class='ocr_line' id='line_1_10' title="bbox 88 809 975 964; baseline 0.009 -30"><span class='ocrx_word' id='word_1_59' title='bbox 88 867 153 934; x_wconf 86' lang='lat' dir='ltr'>das</span> <span class='ocrx_word' id='word_1_60' title='bbox 182 809 460 940; x_wconf 82' lang='lat' dir='ltr'>considerabimus.</span> <span class='ocrx_word' id='word_1_61' title='bbox 480 899 491 940; x_wconf 87' lang='lat'>1</span> <span class='ocrx_word' id='word_1_62' title='bbox 508 895 527 936; x_wconf 78' lang='lat' dir='ltr'>s</span> <span class='ocrx_word' id='word_1_63' title='bbox 545 877 687 964; x_wconf 77' lang='lat' dir='ltr'>Sanguis</span> <span class='ocrx_word' id='word_1_64' title='bbox 699 894 746 942; x_wconf 85' lang='lat' dir='ltr'>est</span> <span class='ocrx_word' id='word_1_65' title='bbox 760 879 864 964; x_wconf 89' lang='lat' dir='ltr'>liquor</span> <span class='ocrx_word' id='word_1_66' title='bbox 888 878 975 942; x_wconf 90' lang='lat' dir='ltr'>rubi·</span> 
     </span>
     <span class='ocr_line' id='line_1_11' title="bbox 93 957 976 1053; baseline 0.009 -31"><span class='ocrx_word' id='word_1_67' title='bbox 93 957 223 1022; x_wconf 83' lang='lat' dir='ltr'>condus</span> <span class='ocrx_word' id='word_1_68' title='bbox 249 963 279 1026; x_wconf 88' lang='lat' dir='ltr'>in</span> <span class='ocrx_word' id='word_1_69' title='bbox 305 964 419 1028; x_wconf 85' lang='lat' dir='ltr'>arteriis</span> <span class='ocrx_word' id='word_1_70' title='bbox 449 983 480 1031; x_wconf 87' lang='lat' dir='ltr'>et</span> <span class='ocrx_word' id='word_1_71' title='bbox 501 965 589 1030; x_wconf 84' lang='lat' dir='ltr'>venis</span> <span class='ocrx_word' id='word_1_72' title='bbox 620 979 816 1042; x_wconf 75' lang='lat' dir='ltr'>centenius,</span> <span class='ocrx_word' id='word_1_73' title='bbox 841 985 882 1030; x_wconf 81' lang='lat' dir='ltr'>ex</span> <span class='ocrx_word' id='word_1_74' title='bbox 907 985 976 1053; x_wconf 90' lang='lat' dir='ltr'>quo</span> 
     </span>
     <span class='ocr_line' id='line_1_12' title="bbox 96 1051 975 1137; baseline 0.009 -27"><span class='ocrx_word' id='word_1_75' title='bbox 96 1067 210 1111; x_wconf 89' lang='lat' dir='ltr'>omnes</span> <span class='ocrx_word' id='word_1_76' title='bbox 231 1067 334 1137; x_wconf 88' lang='lat' dir='ltr'>partes</span> <span class='ocrx_word' id='word_1_77' title='bbox 356 1051 476 1118; x_wconf 87' lang='lat' dir='ltr'>solidae</span> <span class='ocrx_word' id='word_1_78' title='bbox 491 1054 696 1130; x_wconf 85' lang='lat' dir='ltr'>nutriuntur,</span> <span class='ocrx_word' id='word_1_79' title='bbox 720 1070 752 1120; x_wconf 86' lang='lat' dir='ltr'>et</span> <span class='ocrx_word' id='word_1_80' title='bbox 776 1053 925 1118; x_wconf 86' lang='lat' dir='ltr'>humores</span> <span class='ocrx_word' id='word_1_81' title='bbox 943 1055 975 1118; x_wconf 87' lang='lat' dir='ltr'>iu</span> 
     </span>
     <span class='ocr_line' id='line_1_13' title="bbox 98 1133 976 1229; baseline -0.002 -23"><span class='ocrx_word' id='word_1_82' title='bbox 98 1133 192 1199; x_wconf 59' lang='lat' dir='ltr'>&amp;ertio</span> <span class='ocrx_word' id='word_1_83' title='bbox 216 1141 337 1226; x_wconf 76' lang='lat' dir='ltr'>organis</span> <span class='ocrx_word' id='word_1_84' title='bbox 368 1159 583 1207; x_wconf 83' lang='lat' dir='ltr'>secernuntur.</span> <span class='ocrx_word' id='word_1_85' title='bbox 608 1161 669 1206; x_wconf 70' lang='grc' dir='ltr'>ιιι</span> <span class='ocrx_word' id='word_1_86' title='bbox 690 1140 811 1229; x_wconf 79' lang='lat' dir='ltr'>Clylus</span> <span class='ocrx_word' id='word_1_87' title='bbox 837 1157 882 1206; x_wconf 84' lang='lat' dir='ltr'>est</span> <span class='ocrx_word' id='word_1_88' title='bbox 910 1138 976 1205; x_wconf 81' lang='lat' dir='ltr'>ltu-</span> 
     </span>
     <span class='ocr_line' id='line_1_14' title="bbox 96 1224 975 1307; baseline 0.009 -21"><span class='ocrx_word' id='word_1_89' title='bbox 96 1243 169 1286; x_wconf 88' lang='lat' dir='ltr'>tuot</span> <span class='ocrx_word' id='word_1_90' title='bbox 186 1224 329 1307; x_wconf 88' lang='lat' dir='ltr'>lactens,</span> <span class='ocrx_word' id='word_1_91' title='bbox 357 1251 398 1294; x_wconf 84' lang='lat' dir='ltr'>ex</span> <span class='ocrx_word' id='word_1_92' title='bbox 414 1228 567 1295; x_wconf 82' lang='lat' dir='ltr'>alimentis</span> <span class='ocrx_word' id='word_1_93' title='bbox 586 1230 617 1294; x_wconf 87' lang='lat' dir='ltr'>in</span> <span class='ocrx_word' id='word_1_94' title='bbox 632 1230 811 1296; x_wconf 88' lang='lat' dir='ltr'>ventriculo</span> <span class='ocrx_word' id='word_1_95' title='bbox 828 1249 886 1296; x_wconf 82' lang='lat' dir='ltr'>seu</span> <span class='ocrx_word' id='word_1_96' title='bbox 906 1246 975 1294; x_wconf 86' lang='lat' dir='ltr'>sto·</span> 
     </span>
     <span class='ocr_line' id='line_1_15' title="bbox 93 1309 975 1407; baseline 0.011 -33"><span class='ocrx_word' id='word_1_97' title='bbox 93 1309 212 1378; x_wconf 83' lang='lat' dir='ltr'>macho</span> <span class='ocrx_word' id='word_1_98' title='bbox 224 1333 256 1379; x_wconf 87' lang='lat' dir='ltr'>et</span> <span class='ocrx_word' id='word_1_99' title='bbox 272 1316 428 1384; x_wconf 86' lang='lat' dir='ltr'>intestinis</span> <span class='ocrx_word' id='word_1_100' title='bbox 444 1337 647 1407; x_wconf 79' lang='lat' dir='ltr'>segregatus,</span> <span class='ocrx_word' id='word_1_101' title='bbox 668 1340 762 1406; x_wconf 86' lang='lat' dir='ltr'>quern</span> <span class='ocrx_word' id='word_1_102' title='bbox 783 1339 853 1384; x_wconf 81' lang='lat' dir='ltr'>uasa</span> <span class='ocrx_word' id='word_1_103' title='bbox 872 1317 975 1384; x_wconf 80' lang='lat' dir='ltr'>lactea</span> 
     </span>
     <span class='ocr_line' id='line_1_16' title="bbox 96 1400 974 1496; baseline 0.006 -30"><span class='ocrx_word' id='word_1_104' title='bbox 96 1416 131 1466; x_wconf 84' lang='lat' dir='ltr'>et</span> <span class='ocrx_word' id='word_1_105' title='bbox 167 1400 283 1469; x_wconf 87' lang='lat' dir='ltr'>ductus</span> <span class='ocrx_word' id='word_1_106' title='bbox 317 1404 494 1471; x_wconf 85' lang='lat' dir='ltr'>thoracicus</span> <span class='ocrx_word' id='word_1_107' title='bbox 530 1407 562 1470; x_wconf 91' lang='lat' dir='ltr'>in</span> <span class='ocrx_word' id='word_1_108' title='bbox 592 1408 773 1496; x_wconf 82' lang='lat' dir='ltr'>sanguinent</span> <span class='ocrx_word' id='word_1_109' title='bbox 798 1405 974 1472; x_wconf 81' lang='lat' dir='ltr'>advehunt.</span> 
     </span>
     <span class='ocr_line' id='line_1_17' title="bbox 94 1489 973 1582; baseline 0.002 -28"><span class='ocrx_word' id='word_1_110' title='bbox 94 1505 174 1553; x_wconf 64' lang='grc' dir='ltr'>ΗΜ</span> <span class='ocrx_word' id='word_1_111' title='bbox 197 1489 347 1582; x_wconf 78' lang='lat' dir='ltr'><em>Lympha</em></span> <span class='ocrx_word' id='word_1_112' title='bbox 368 1514 416 1560; x_wconf 89' lang='lat' dir='ltr'>est</span> <span class='ocrx_word' id='word_1_113' title='bbox 433 1493 546 1560; x_wconf 84' lang='lat' dir='ltr'>humor</span> <span class='ocrx_word' id='word_1_114' title='bbox 562 1495 744 1582; x_wconf 79' lang='lat' dir='ltr'>limpidus,</span> <span class='ocrx_word' id='word_1_115' title='bbox 765 1493 973 1580; x_wconf 83' lang='lat' dir='ltr'>gelarinosus,</span> 
     </span>
     <span class='ocr_line' id='line_1_18' title="bbox 95 1580 976 1670; baseline 0.006 -29"><span class='ocrx_word' id='word_1_116' title='bbox 95 1580 290 1658; x_wconf 82' lang='lat' dir='ltr'>nutritivus,</span> <span class='ocrx_word' id='word_1_117' title='bbox 311 1585 363 1667; x_wconf 90' lang='lat' dir='ltr'>qui</span> <span class='ocrx_word' id='word_1_118' title='bbox 379 1603 419 1650; x_wconf 84' lang='lat' dir='ltr'>ex</span> <span class='ocrx_word' id='word_1_119' title='bbox 438 1584 585 1648; x_wconf 86' lang='lat' dir='ltr'>omnibus</span> <span class='ocrx_word' id='word_1_120' title='bbox 598 1582 740 1670; x_wconf 88' lang='lat' dir='ltr'>partibus</span> <span class='ocrx_word' id='word_1_121' title='bbox 755 1583 796 1646; x_wconf 90' lang='lat' dir='ltr'>ad</span> <span class='ocrx_word' id='word_1_122' title='bbox 808 1602 865 1644; x_wconf 93' lang='lat' dir='ltr'>cor</span> <span class='ocrx_word' id='word_1_123' title='bbox 880 1599 976 1646; x_wconf 85' lang='lat' dir='ltr'>reve·</span> 
     </span>
     <span class='ocr_line' id='line_1_19' title="bbox 95 1664 974 1760; baseline 0.006 -31"><span class='ocrx_word' id='word_1_124' title='bbox 95 1665 194 1733; x_wconf 87' lang='lat' dir='ltr'>hitur.</span> <span class='ocrx_word' id='word_1_125' title='bbox 211 1664 366 1757; x_wconf 86' lang='lat' dir='ltr'>Perpetua</span> <span class='ocrx_word' id='word_1_126' title='bbox 383 1673 416 1736; x_wconf 82' lang='lat' dir='ltr'>lit</span> <span class='ocrx_word' id='word_1_127' title='bbox 430 1673 586 1760; x_wconf 80' lang='lat' dir='ltr'>sanguinis</span> <span class='ocrx_word' id='word_1_128' title='bbox 601 1674 631 1736; x_wconf 90' lang='lat' dir='ltr'>in</span> <span class='ocrx_word' id='word_1_129' title='bbox 646 1673 782 1759; x_wconf 82' lang='lat' dir='ltr'>corpore</span> <span class='ocrx_word' id='word_1_130' title='bbox 797 1669 974 1736; x_wconf 74' lang='lat' dir='ltr'>circulatim</span> 
     </span>
     <span class='ocr_line' id='line_1_20' title="bbox 93 1753 976 1847; baseline 0.005 -29"><span class='ocrx_word' id='word_1_131' title='bbox 93 1753 227 1844; x_wconf 80' lang='lat' dir='ltr'>Chylus</span> <span class='ocrx_word' id='word_1_132' title='bbox 240 1777 425 1846; x_wconf 71' lang='lat' dir='ltr'>namque&#39;en</span> <span class='ocrx_word' id='word_1_133' title='bbox 436 1759 512 1824; x_wconf 86' lang='lat' dir='ltr'>cibis</span> <span class='ocrx_word' id='word_1_134' title='bbox 528 1758 708 1826; x_wconf 84' lang='lat' dir='ltr'>elaboratus</span> <span class='ocrx_word' id='word_1_135' title='bbox 719 1779 750 1825; x_wconf 90' lang='lat' dir='ltr'>et</span> <span class='ocrx_word' id='word_1_136' title='bbox 766 1781 838 1824; x_wconf 83' lang='lat' dir='ltr'>cunt</span> <span class='ocrx_word' id='word_1_137' title='bbox 851 1759 976 1847; x_wconf 82' lang='lat' dir='ltr'>sangui·</span> 
     </span>
     <span class='ocr_line' id='line_1_21' title="bbox 101 1847 976 1934; baseline 0.007 -28"><span class='ocrx_word' id='word_1_138' title='bbox 101 1863 140 1910; x_wconf 83' lang='lat' dir='ltr'>ne</span> <span class='ocrx_word' id='word_1_139' title='bbox 155 1848 306 1914; x_wconf 80' lang='lat' dir='ltr'>refluente</span> <span class='ocrx_word' id='word_1_140' title='bbox 316 1847 452 1914; x_wconf 86' lang='lat' dir='ltr'>dextero</span> <span class='ocrx_word' id='word_1_141' title='bbox 467 1848 761 1916; x_wconf 81' lang='lat' dir='ltr'>cordisvcntticulo</span> <span class='ocrx_word' id='word_1_142' title='bbox 773 1847 898 1925; x_wconf 90' lang='lat' dir='ltr'>illatus,</span> <span class='ocrx_word' id='word_1_143' title='bbox 910 1861 976 1934; x_wconf 79' lang='lat' dir='ltr'>op&#39;c</span> 
     </span>
     <span class='ocr_line' id='line_1_22' title="bbox 98 1933 976 2025; baseline 0.001 -28"><span class='ocrx_word' id='word_1_144' title='bbox 98 1935 334 1999; x_wconf 81' lang='lat' dir='ltr'>constrictionis</span> <span class='ocrx_word' id='word_1_145' title='bbox 355 1936 458 2002; x_wconf 88' lang='lat' dir='ltr'>cordis</span> <span class='ocrx_word' id='word_1_146' title='bbox 474 1959 531 2023; x_wconf 87' lang='lat' dir='ltr'>per</span> <span class='ocrx_word' id='word_1_147' title='bbox 545 1939 687 2004; x_wconf 84' lang='lat' dir='ltr'>arteriam</span> <span class='ocrx_word' id='word_1_148' title='bbox 702 1935 918 2025; x_wconf 85' lang='lat' dir='ltr'>pulmonalent</span> <span class='ocrx_word' id='word_1_149' title='bbox 934 1933 976 1999; x_wconf 82' lang='lat' dir='ltr'>:td</span> 
     </span>
     <span class='ocr_line' id='line_1_23' title="bbox 99 2023 975 2174; baseline 0.007 -90"><span class='ocrx_word' id='word_1_150' title='bbox 99 2023 289 2174; x_wconf 58' lang='lat' dir='ltr'>raimondo,</span> <span class='ocrx_word' id='word_1_151' title='bbox 308 2041 340 2090; x_wconf 89' lang='lat' dir='ltr'>et</span> <span class='ocrx_word' id='word_1_152' title='bbox 356 2024 595 2113; x_wconf 84' lang='lat' dir='ltr'>e.pultnonibus</span> <span class='ocrx_word' id='word_1_153' title='bbox 609 2048 664 2110; x_wconf 87' lang='lat' dir='ltr'>pet</span> <span class='ocrx_word' id='word_1_154' title='bbox 680 2047 790 2091; x_wconf 87' lang='lat' dir='ltr'>venant</span> <span class='ocrx_word' id='word_1_155' title='bbox 806 2025 975 2112; x_wconf 79' lang='lat' dir='ltr'>pulmona-</span> 
     </span>
     <span class='ocr_line' id='line_1_24' title="bbox 114 2110 976 2188; baseline -0.001 -12"><span class='ocrx_word' id='word_1_156' title='bbox 114 2131 163 2176; x_wconf 88' lang='lat' dir='ltr'>etn</span> <span class='ocrx_word' id='word_1_157' title='bbox 178 2110 229 2176; x_wconf 60' lang='lat' dir='ltr'>ad*</span> <span class='ocrx_word' id='word_1_158' title='bbox 241 2112 344 2178; x_wconf 86' lang='lat' dir='ltr'>cordis</span> <span class='ocrx_word' id='word_1_159' title='bbox 358 2114 568 2180; x_wconf 86' lang='lat' dir='ltr'>ventriculum</span> <span class='ocrx_word' id='word_1_160' title='bbox 586 2112 744 2179; x_wconf 86' lang='lat' dir='ltr'>sinistrum</span> <span class='ocrx_word' id='word_1_161' title='bbox 761 2113 919 2188; x_wconf 74' lang='lat' dir='ltr'>defertur,</span> <span class='ocrx_word' id='word_1_162' title='bbox 936 2129 976 2177; x_wconf 78' lang='lat' dir='ltr'>ex</span> 
     </span>
     <span class='ocr_line' id='line_1_25' title="bbox 99 2201 976 2290; baseline -0.005 -26"><span class='ocrx_word' id='word_1_163' title='bbox 99 2217 167 2283; x_wconf 86' lang='lat' dir='ltr'>quo</span> <span class='ocrx_word' id='word_1_164' title='bbox 182 2201 359 2266; x_wconf 83' lang='lat' dir='ltr'>ventriculo</span> <span class='ocrx_word' id='word_1_165' title='bbox 376 2203 502 2268; x_wconf 84' lang='lat' dir='ltr'>tandetn</span> <span class='ocrx_word' id='word_1_166' title='bbox 517 2225 574 2290; x_wconf 88' lang='lat' dir='ltr'>per</span> <span class='ocrx_word' id='word_1_167' title='bbox 585 2217 708 2266; x_wconf 89' lang='lat' dir='ltr'>aortam</span> <span class='ocrx_word' id='word_1_168' title='bbox 720 2218 752 2267; x_wconf 89' lang='lat' dir='ltr'>et</span> <span class='ocrx_word' id='word_1_169' title='bbox 766 2203 863 2287; x_wconf 82' lang='lat' dir='ltr'>ipsius</span> <span class='ocrx_word' id='word_1_170' title='bbox 875 2202 976 2264; x_wconf 81' lang='lat' dir='ltr'>rami-</span> 
     </span>
     <span class='ocr_line' id='line_1_26' title="bbox 91 2285 975 2380; baseline -0.003 -27"><span class='ocrx_word' id='word_1_171' title='bbox 91 2285 270 2374; x_wconf 82' lang='lat' dir='ltr'>ficatioues</span> <span class='ocrx_word' id='word_1_172' title='bbox 283 2290 324 2355; x_wconf 90' lang='lat' dir='ltr'>ad</span> <span class='ocrx_word' id='word_1_173' title='bbox 347 2290 483 2380; x_wconf 85' lang='lat' dir='ltr'>singulas</span> <span class='ocrx_word' id='word_1_174' title='bbox 508 2289 654 2376; x_wconf 78' lang='lat' dir='ltr'>corporis</span> <span class='ocrx_word' id='word_1_175' title='bbox 672 2302 776 2374; x_wconf 85' lang='lat' dir='ltr'>partes</span> <span class='ocrx_word' id='word_1_176' title='bbox 792 2285 975 2351; x_wconf 85' lang='lat' dir='ltr'>nutritionis</span> 
     </span>
     <span class='ocr_line' id='line_1_27' title="bbox 101 2375 977 2467; baseline -0.002 -29"><span class='ocrx_word' id='word_1_177' title='bbox 101 2395 197 2441; x_wconf 82' lang='lat' dir='ltr'>causa</span> <span class='ocrx_word' id='word_1_178' title='bbox 212 2378 412 2464; x_wconf 86' lang='lat' dir='ltr'>propellitur.</span> <span class='ocrx_word' id='word_1_179' title='bbox 423 2381 551 2467; x_wconf 84' lang='lat' dir='ltr'>Sanguis</span> <span class='ocrx_word' id='word_1_180' title='bbox 564 2399 641 2444; x_wconf 89' lang='lat' dir='ltr'>vero</span> <span class='ocrx_word' id='word_1_181' title='bbox 651 2399 669 2442; x_wconf 82' lang='lat' dir='ltr'>a</span> <span class='ocrx_word' id='word_1_182' title='bbox 680 2375 850 2441; x_wconf 85' lang='lat' dir='ltr'>nutritione</span> <span class='ocrx_word' id='word_1_183' title='bbox 865 2394 977 2460; x_wconf 77' lang='lat' dir='ltr'>super·</span> 
     </span>
     <span class='ocr_line' id='line_1_28' title="bbox 101 2463 975 2555; baseline 0 -25"><span class='ocrx_word' id='word_1_184' title='bbox 101 2463 185 2530; x_wconf 82' lang='lat' dir='ltr'>dnus</span> <span class='ocrx_word' id='word_1_185' title='bbox 201 2467 305 2532; x_wconf 87' lang='lat' dir='ltr'>refluit</span> <span class='ocrx_word' id='word_1_186' title='bbox 323 2470 436 2532; x_wconf 87' lang='lat' dir='ltr'>iterum</span> <span class='ocrx_word' id='word_1_187' title='bbox 451 2490 508 2555; x_wconf 87' lang='lat' dir='ltr'>pet</span> <span class='ocrx_word' id='word_1_188' title='bbox 523 2467 671 2532; x_wconf 67' lang='lat' dir='ltr'>ramulos,</span> <span class='ocrx_word' id='word_1_189' title='bbox 684 2485 722 2531; x_wconf 84' lang='lat' dir='ltr'>ex</span> <span class='ocrx_word' id='word_1_190' title='bbox 743 2483 860 2530; x_wconf 89' lang='lat' dir='ltr'>trunco</span> <span class='ocrx_word' id='word_1_191' title='bbox 875 2483 975 2530; x_wconf 85' lang='lat' dir='ltr'>venae</span> 
     </span>
     <span class='ocr_line' id='line_1_29' title="bbox 101 2551 977 2633; baseline -0.002 -15"><span class='ocrx_word' id='word_1_192' title='bbox 101 2573 197 2619; x_wconf 86' lang='lat' dir='ltr'>cavae</span> <span class='ocrx_word' id='word_1_193' title='bbox 207 2554 248 2620; x_wconf 87' lang='lat' dir='ltr'>ad</span> <span class='ocrx_word' id='word_1_194' title='bbox 257 2555 424 2621; x_wconf 78' lang='lat' dir='ltr'>deuterum</span> <span class='ocrx_word' id='word_1_195' title='bbox 435 2556 538 2622; x_wconf 88' lang='lat' dir='ltr'>cordis</span> <span class='ocrx_word' id='word_1_196' title='bbox 551 2553 781 2633; x_wconf 88' lang='lat' dir='ltr'>ventriculum,</span> <span class='ocrx_word' id='word_1_197' title='bbox 795 2555 903 2619; x_wconf 89' lang='lat' dir='ltr'>denno</span> <span class='ocrx_word' id='word_1_198' title='bbox 915 2551 977 2616; x_wconf 84' lang='lat' dir='ltr'>ltoc</span> 
     </span>
     <span class='ocr_line' id='line_1_30' title="bbox 102 2641 977 2728; baseline -0.002 -22"><span class='ocrx_word' id='word_1_199' title='bbox 102 2641 236 2708; x_wconf 90' lang='lat' dir='ltr'>circuitu</span> <span class='ocrx_word' id='word_1_200' title='bbox 252 2643 429 2728; x_wconf 86' lang='lat' dir='ltr'>pellendus.</span> <span class='ocrx_word' id='word_1_201' title='bbox 448 2644 494 2709; x_wconf 85' lang='lat' dir='ltr'>Ea</span> <span class='ocrx_word' id='word_1_202' title='bbox 510 2645 592 2710; x_wconf 87' lang='lat' dir='ltr'>enim</span> <span class='ocrx_word' id='word_1_203' title='bbox 606 2660 653 2710; x_wconf 88' lang='lat' dir='ltr'>est</span> <span class='ocrx_word' id='word_1_204' title='bbox 670 2641 774 2708; x_wconf 86' lang='lat' dir='ltr'>cordis</span> <span class='ocrx_word' id='word_1_205' title='bbox 791 2641 977 2718; x_wconf 86' lang='lat' dir='ltr'>fabrica,ut</span> 
     </span>
     <span class='ocr_line' id='line_1_31' title="bbox 101 2727 977 2821; baseline -0.005 -25"><span class='ocrx_word' id='word_1_206' title='bbox 101 2728 238 2798; x_wconf 86' lang='lat' dir='ltr'>durante</span> <span class='ocrx_word' id='word_1_207' title='bbox 250 2733 475 2799; x_wconf 84' lang='lat' dir='ltr'>constrictione</span> <span class='ocrx_word' id='word_1_208' title='bbox 490 2733 597 2798; x_wconf 78' lang='lat' dir='ltr'>cordis</span> <span class='ocrx_word' id='word_1_209' title='bbox 612 2753 666 2798; x_wconf 88' lang='lat' dir='ltr'>seu</span> <span class='ocrx_word' id='word_1_210' title='bbox 681 2729 821 2821; x_wconf 81' lang='lat' dir='ltr'>systole,</span> <span class='ocrx_word' id='word_1_211' title='bbox 837 2727 977 2818; x_wconf 79' lang='lat' dir='ltr'>sanguini</span> 
     </span>
     <span class='ocr_line' id='line_1_32' title="bbox 101 2817 1037 2906; baseline -0.001 -22"><span class='ocrx_word' id='word_1_212' title='bbox 101 2818 325 2884; x_wconf 85' lang='lat' dir='ltr'>diverticulum</span> <span class='ocrx_word' id='word_1_213' title='bbox 342 2819 511 2906; x_wconf 82' lang='lat' dir='ltr'>praebeant</span> <span class='ocrx_word' id='word_1_214' title='bbox 532 2820 639 2886; x_wconf 83' lang='lat' dir='ltr'>cordis</span> <span class='ocrx_word' id='word_1_215' title='bbox 658 2818 848 2894; x_wconf 81' lang='lat' dir='ltr'>auriculae,</span> <span class='ocrx_word' id='word_1_216' title='bbox 872 2817 978 2882; x_wconf 88' lang='lat' dir='ltr'>donec</span> <span class='ocrx_word' id='word_1_217' title='bbox 1036 2879 1037 2882; x_wconf 74' lang='grc'>,</span> 
     </span>
     <span class='ocr_line' id='line_1_33' title="bbox 98 2905 978 3004; baseline -0.005 -32"><span class='ocrx_word' id='word_1_218' title='bbox 98 2906 211 2972; x_wconf 82' lang='lat' dir='ltr'>iterata</span> <span class='ocrx_word' id='word_1_219' title='bbox 223 2910 288 2974; x_wconf 87' lang='lat' dir='ltr'>eius</span> <span class='ocrx_word' id='word_1_220' title='bbox 304 2909 487 2974; x_wconf 85' lang='lat' dir='ltr'>dilatatione</span> <span class='ocrx_word' id='word_1_221' title='bbox 499 2931 555 2976; x_wconf 88' lang='lat' dir='ltr'>seu</span> <span class='ocrx_word' id='word_1_222' title='bbox 567 2907 724 2984; x_wconf 83' lang='lat' dir='ltr'>diastole,</span> <span class='ocrx_word' id='word_1_223' title='bbox 739 2907 828 2972; x_wconf 89' lang='lat' dir='ltr'>cordi</span> <span class='ocrx_word' id='word_1_224' title='bbox 844 2905 978 3004; x_wconf 72' lang='lat' dir='ltr'>inlinere</span> 
     </span>
     <span class='ocr_line' id='line_1_34' title="bbox 101 2989 977 3086; baseline -0.008 -25"><span class='ocrx_word' id='word_1_225' title='bbox 101 2995 215 3086; x_wconf 72' lang='lat' dir='ltr'>possit.</span> <span class='ocrx_word' id='word_1_226' title='bbox 224 2997 390 3066; x_wconf 77' lang='lat' dir='ltr'>Praeterea</span> <span class='ocrx_word' id='word_1_227' title='bbox 400 2997 547 3067; x_wconf 81' lang='lat' dir='ltr'>valvulae</span> <span class='ocrx_word' id='word_1_228' title='bbox 559 3015 626 3066; x_wconf 86' lang='lat' dir='ltr'>tunt</span> <span class='ocrx_word' id='word_1_229' title='bbox 637 2997 668 3064; x_wconf 90' lang='lat' dir='ltr'>in</span> <span class='ocrx_word' id='word_1_230' title='bbox 680 2994 860 3065; x_wconf 84' lang='lat' dir='ltr'>ventriculis</span> <span class='ocrx_word' id='word_1_231' title='bbox 870 2989 977 3056; x_wconf 90' lang='lat' dir='ltr'>cordts</span> 
     </span>
    </p>
   </div>
   <div class='ocr_carea' id='block_1_2' title="bbox 0 0 1137 3420">
    <p class='ocr_par' dir='ltr' id='par_1_5' title="bbox 0 0 1137 3420">
     <span class='ocr_line' id='line_1_35' title="bbox 0 0 1137 3420; baseline 0 0"><span class='ocrx_word' id='word_1_232' title='bbox 0 0 1137 3420; x_wconf 95' lang='lat' dir='ltr'> </span> 
     </span>
    </p>
   </div>
  </div>
 </body>
</html>
