2270 3416
271 115 357 163 mts
384 113 415 162 11
444 111 601 162 uncam.
630 111 706 160 (111.
739 111 791 159 11.
930 115 991 187 207

59 183 173 250 Deus
194 185 379 251 voluntates
401 205 540 262 creatas,
560 203 763 268 quocumque
780 177 872 258 vult,
889 183 996 254 llecte·

64 290 148 351 tet,
183 289 279 362 atque
299 297 405 339 earum
422 275 516 348 etiam
533 271 703 338 liberrimus
719 270 858 334 actiones
880 275 995 338 certis-

65 361 161 452 sime
189 365 407 446 praevideret,
422 365 476 426 nisi
492 383 543 428 eas
558 361 625 448 ipse
642 360 681 424 ad
700 361 854 446 agendum
875 359 995 450 plrysi·

68 471 115 514 ce
147 454 387 537 praemoneret?
416 452 500 514 Nam
526 451 589 516 sine
613 448 830 538 praemorione
857 449 994 538 physica

68 541 221 606 actiones
235 542 354 606 liberae
372 539 496 604 minime
508 539 588 602 lixae
604 556 715 615 etunt,
732 536 786 601 sed
800 539 995 627 contingen·

65 643 123 694 tes
156 632 292 693 omnino
309 646 454 716 respectu
469 627 555 708 Dei,
571 625 714 714 nihilque
728 625 806 708 etit,
819 646 887 712 quo
903 645 995 694 cetto

64 720 312 806 praecognosci
340 735 468 805 queant.

150 804 364 891 Respondent
384 807 429 870 t.⁰
445 805 515 870 Sine
531 802 870 892 praedeterminatione
884 801 995 894 physi-

69 911 118 955 ca
136 891 363 978 perfectissime
375 895 524 984 intelligi,
539 913 663 958 causam
679 893 847 957 secundam
862 892 995 962 liberam

29 1045 32 1051 ,
66 981 232 1068 pendere
260 1004 278 1047 a
305 981 374 1050 Deo
392 999 458 1046 turn
474 987 503 1045 ln
519 984 582 1047 lieri
608 983 684 1048 etin
701 999 767 1046 erse
781 1001 839 1066 per
853 985 995 1048 creatio·

73 1085 159 1133 nem
178 1087 211 1136 et
237 1075 525 1148 conservationem,
559 1089 626 1135 tum
644 1070 814 1156 inoperari
831 1089 889 1156 pet
909 1091 995 1135 con-

77 1177 226 1222 cursum.
248 1160 307 1224 rt.⁰
333 1162 460 1226 Seclura
485 1160 704 1247 praemorione
728 1155 862 1246 physica
886 1156 995 1226 Deum

75 1246 218 1335 intelligi
255 1248 390 1336 primum
430 1247 584 1314 humanae
617 1248 789 1312 voluntatis
821 1261 994 1327 motorem,

75 1355 242 1420 quatenus
263 1337 349 1402 illam
373 1355 556 1426 praemovet
579 1359 616 1402 ac
635 1333 904 1424 praedeterminat
925 1353 993 1403 tunt

72 1424 126 1488 ad
141 1422 258 1488 bonum
274 1429 303 1490 in
318 1447 431 1515 genere
445 1447 500 1512 per
514 1427 655 1492 innatum
671 1422 827 1488 felicitatis
841 1445 994 1504 amorem,

82 1528 156 1576 tum
183 1513 226 1576 acl
253 1515 380 1580 obiecta
397 1513 583 1602 singularia,
599 1533 820 1599 quaecumque
836 1512 877 1577 ab
895 1513 996 1578 intel-
1068 1550 1070 1556 ·

76 1601 171 1666 lectu
199 1600 284 1668 bona
301 1619 576 1691 repraesentantur
593 1625 650 1693 per
672 1619 777 1664 motus
791 1603 897 1687 primo
915 1604 995 1686 pri-

78 1711 166 1754 mos.
195 1693 269 1756 111.ο
300 1694 467 1756 Actionem
495 1689 643 1766 liberam,
659 1691 751 1755 etiam
767 1706 802 1752 ut
818 1686 917 1754 libera
933 1707 993 1771 est,

73 1778 224 1867 pendere
243 1801 261 1844 a
288 1779 357 1846 Deo
374 1797 532 1868 quatenus
548 1795 686 1844 creatura
704 1779 800 1844 libere
818 1799 912 1866 agens
928 1799 994 1844 nott

86 1863 184 1932 habet
208 1867 273 1930 vim
296 1869 375 1934 berte
397 1869 508 1957 agendi
525 1869 579 1931 nisi
597 1891 614 1932 a
633 1869 721 1945 Deo,
749 1889 806 1931 nec
830 1882 939 1951 potest
956 1867 994 1930 il-

87 1953 152 2017 lam
173 1977 322 2021 exercere
345 1956 401 2020 nisi
427 1957 646 2045 dependenter
668 1954 707 2018 ab
728 1955 809 2041 ipso.
826 1954 898 2018 111.ο
923 1953 995 2019 Ad·

86 2042 172 2106 mitti
197 2044 334 2130 quidem
349 2043 464 2111 debere
490 2047 652 2110 maximam
679 2059 842 2114 creaturae
869 2065 885 2108 a
918 2043 992 2112 Deo

87 2129 355 2220 dependentiam',
373 2133 485 2198 sedita
502 2149 537 2196 ut
558 2135 663 2197 illaesa
680 2151 835 2198 remaneat
854 2131 993 2212 libertas3

84 2217 303 2304 dependentia
329 2237 453 2300 autem,
482 2243 563 2309 quae
590 2224 688 2285 oritur
711 2243 750 2286 ex
777 2222 994 2306 praenotione

86 2306 246 2396 physica,
265 2310 353 2390 tolll',
368 2312 475 2388 aiunt,
492 2310 554 2372 vim
571 2331 697 2396 omnem
713 2309 825 2394 agendi
846 2329 994 2372 omnem-

91 2415 155 2482 que
178 2398 342 2462 essentiam
357 2417 446 2462 actus
464 2397 563 2464 liberi.
577 2397 632 2460 v.⁰
645 2399 749 2462 Deum
764 2399 829 2462 sine
847 2417 995 2483 praemo-

94 2485 177 2550 tiotte
195 2485 327 2575 physica
341 2502 431 2574 posse
450 2489 576 2553 flectere
591 2487 788 2573 voluntatem
811 2485 994 2568 humanam,

93 2593 293 2663 quocumque
306 2577 460 2654 voluerit,
473 2594 506 2642 et
519 2597 627 2642 ornnes
637 2596 726 2641 actus
740 2573 854 2640 liberos
867 2579 996 2643 certissi-

86 2682 144 2726 me
159 2665 353 2747 praevidere.
370 2663 422 2728 Ad
438 2665 469 2729 id
482 2666 563 2730 enirn
580 2666 651 2728 satis
669 2684 735 2740 est,
755 2665 842 2729 Deus
856 2666 995 2746 noverit,

85 2749 173 2836 ,quid
184 2771 325 2820 creatura
337 2772 445 2818 actura
460 2753 538 2818 sitin
553 2755 607 2818 tali
618 2751 671 2818 vel
684 2753 736 2817 tali
749 2754 996 2832 circumstantia,

99 2839 151 2903 tali
175 2858 228 2906 aut
255 2843 308 2905 tali
333 2843 432 2906 modo
462 2843 610 2929 excitata.
627 2842 704 2920 Quo
729 2845 858 2930 cognito
886 2860 998 2927 potest

99 2927 184 2992 Deus
215 2930 364 2997 adhibete
391 2931 511 3007 media,
542 2953 678 3018 quotum
707 2934 825 2994 auxilio
848 2930 997 2993 voluntas

100 3013 215 3082 factura
236 3038 284 3084 est
298 3040 341 3084 ,re
356 3021 425 3108 ipsa
439 3036 470 3083 ct
486 3017 602 3100 libere,
620 3019 711 3106 quod
733 3019 801 3106 ipse
818 3017 896 3088 uult.
919 3017 996 3101 Atl-
