2264 3420
204 185 207 190 Ι
249 121 335 170 uana
350 119 380 166 ιι
403 119 560 168 natatu.
583 101 660 168 cne'.
683 119 725 168 11.
875 107 917 192 ‘95

44 193 180 278 cipimus
197 189 340 258 arborem
357 213 388 255 v.
403 211 454 277 g.,
471 188 597 258 efficere
612 195 780 280 possumus
791 209 851 279 pro
866 213 921 258 ar·

46 281 143 346 bitrio
161 297 289 358 nostro,
303 294 340 344 ut
354 277 444 343 nobis
463 279 559 368 magis
583 278 699 344 conscii
717 281 810 344 simus
823 295 921 347 trun·

48 371 95 447 ci,
109 391 202 454 quarn
220 389 396 446 ramorum,
412 369 610 433 surculorum
628 384 659 432 et
674 365 833 432 foliorum.

93 455 160 528 IV.
205 457 235 522 st
256 457 349 545 plura
372 457 463 520 simul
487 455 698 545 percipimus,
716 458 922 525 attentionem

49 543 90 609 ad
104 546 133 610 id
146 543 332 634 dirigimus,
353 541 441 630 quod
457 544 571 610 clarius
588 545 780 634 percipitur,
794 547 817 609 si
834 547 923 614 nulla

47 634 128 698 adsit
144 635 247 711 tatio,
270 653 328 698 cur
345 655 413 698 eam
439 631 585 698 adalind
608 632 787 724 dirigamus.
811 631 923 712 Qbum

47 725 129 787 enim
143 723 350 788 attentionem
366 720 406 786 ad
430 722 670 808 perceptionem
693 721 828 811 aliquam
838 724 922 810 par-

46 811 153 877 tialem
174 811 278 895 potius
288 857 299 888 ,
320 830 414 896 quam
433 809 474 876 ad
486 809 576 886 aliam
590 829 653 890 non
670 809 838 898 dirigamus
856 811 923 880 siue

44 898 154 986 aliqua
171 898 313 974 tatione,
330 913 361 962 et
372 896 505 962 attentio
524 917 588 961 non
605 897 667 962 alio
683 898 811 978 tendat,
826 919 923 988 quam

43 1004 83 1051 ut
96 1007 196 1051 unum
211 986 318 1051 ceteris
333 985 444 1050 clarius
460 985 738 1072 percipiamus3id,
749 985 837 1074 qnod
851 987 923 1052 cla-

47 1073 113 1137 rius
134 1076 320 1160 percipitur,
331 1073 546 1140 'attentionem
563 1073 604 1138 ad
625 1095 657 1138 se
669 1073 787 1153 trahit,
804 1073 829 1138 si
846 1073 939 1138 nul-'

48 1160 80 1224 la
96 1161 177 1226 adsit
193 1162 272 1226 ratio
285 1178 371 1229 extra
387 1161 627 1249 perceptionem
641 1163 796 1241 totalem,
819 1183 876 1226 cur
890 1161 924 1230 in

48 1272 118 1315 eam
132 1251 171 1316 ad
185 1251 269 1315 aliud
280 1251 459 1338 dirigamus.
470 1253 499 1315 Si
512 1271 551 1315 ex
563 1250 666 1336 aliqua
679 1271 711 1316 te
725 1253 925 1336 voluptatem
1006 1245 1009 1251 ¹

45 1339 260 1426 percipimus,
272 1341 305 1403 in
325 1359 361 1404 ea
373 1338 577 1406 attentionem
594 1358 733 1404 nostram
750 1339 923 1428 defigimus,

49 1443 81 1490 e‘t
96 1427 230 1492 deliram
246 1427 278 1491 in
293 1426 404 1494 eadem
420 1428 600 1492 retinemus.
617 1427 739 1490 Contra
755 1425 867 1492 veto‘si
883 1449 925 1494 ex

48 1535 84 1578 re
96 1515 198 1603 aliqua
211 1515 347 1582 taedium
367 1515 578 1602 percipimus,
604 1514 813 1580 attentionem
826 1511 867 1578 ab
886 1535 924 1580 ea

48 1605 232 1669 avertimus.
241 1603 352 1683 Quare
364 1601 610 1670 adolescentium
619 1601 728 1666 animis
741 1599 925 1692 frequenter

49 1691 230 1758 instillanda
251 1711 300 1760 est
325 1690 473 1757 scientiae
494 1689 683 1758 iucunditas.

96 1781 147 1850 V.
192 1779 301 1846 Plures
323 1776 571 1844 sunthominum
586 1779 670 1846 circa
685 1775 801 1867 gradus
817 1793 926 1844 arten*

51 1867 143 1932 tionis
152 1866 355 1935 differentiae.
364 1866 605 1932 Nonnullorum‘
618 1869 752 1934 attentio
766 1867 922 1945 tantaest,¹

51 1959 153 2021 utrix
172 1977 209 2022 ac
225 1977 265 2022 ne
282 1957 335 2020 vix
352 1954 478 2042 quidem
492 1956 607 2021 conscii
627 1954 685 2020 sibi
703 1958 763 2022 sint
780 1955 927 2020 obiecto·

48 2041 799 2132 rum,quaeorganasensotiaferiunt.Petrusde
814 2045 926 2110 Montss

43 2149 136 2199 'mort
148 2129 387 2198 mathematicus
400 2129 499 2216 gallus
511 2131 551 2196 ad
570 2129 730 2197 obiectum
749 2132 928 2199 meditatio·

46 2222 97 2286 nis
115 2242 189 2286 suae
204 2237 323 2286 tautam
337 2217 574 2286 meditationem
586 2217 780 2297 adhibebat,
796 2237 831 2284 ut
845 2223 925 2284 intel·

44 2310 208 2397 plurimos
220 2306 382 2393 strepitus,
396 2307 615 2372 resonantibus
629 2306 843 2372 instrumentis
858 2307 928 2369 mui-

44 2400 144 2476 sicis,
167 2387 338 2462 cuiritante
363 2410 396 2460 et
411 2413 534 2480 patrem
551 2396 771 2484 interpellante
792 2395 928 2482 parvulo

48 2486 141 2565 filio,
159 2483 334 2550 difficiliora
348 2481 546 2572 problemata
560 2485 714 2563 solveret,
735 2484 780 2548 uti
796 2482 928 2550 refertur

48 2577 82 2638 in
97 2574 166 2640 eius
182 2573 287 2660 elogio
301 2593 374 2636 ann.
392 2591 486 2664 1719.
504 2571 574 2637 hist.
592 2573 682 2638 acad.
702 2573 805 2662 regiae
819 2575 929 2639 scient.

51 2663 219 2750 parisiens.
230 2663 322 2738 Sunt,
336 2660 390 2747 qul
406 2663 611 2726 attentionem
624 2660 664 2725 ad
676 2661 758 2728 idem
772 2660 932 2726 obiectum

49 2751 112 2842 diu
125 2769 315 2815 conservare
324 2763 471 2835 possunt,
484 2769 516 2811 v.
528 2747 608 2837 gad
618 2750 743 2838 longam
755 2767 935 2837 atqueper·

52 2838 184 2928 plexitm
205 2836 510 2903 demonstrationum
526 2838 647 2902 seriem.
670 2839 732 2900 Alii
748 2857 858 2902 contra
880 2853 934 2897 at-

43 2928 230 2994 ·tentionem
244 2945 330 2989 suam
345 2922 449 2988 statim
463 2926 625 3009 exspirare
640 2923 817 3012 patiuntur,
833 2923 935 3006 quatr-

59 3016 103 3082 do
114 3014 239 3103 longior
253 3010 362 3078 evadit
372 3010 645 3104 ratiocinationum
658 3031 772 3078 nexus.
788 3009 944 3094 Plerique>
