2264 3420
277 147 365 196 ms
385 145 600 196 mnam.
622 143 699 193 una.
719 145 762 194 u.
917 146 968 219 43.

78 213 301 290 wdennlna
315 217 512 308 simpliciter
537 233 572 284 et
588 214 738 284 absolute
750 211 964 284 cnnsldetata.

80 305 296 396 Quapropter
310 306 511 376 contendunt
526 352 536 384 ,
552 306 690 371 animam
701 325 746 372 ex
762 327 795 373 se
810 323 844 371 et
856 325 894 374 et
910 325 966 371 nau·

82 413 156 462 tura
180 417 236 460 sua
271 395 397 464 exiere
426 396 684 462 coniunctionem
713 414 787 458 cum
814 415 966 478 corpote.

83 479 282 574 Exigentiam
300 419 386 550 iliam
408 485 463 552 alii
483 483 556 550 inde
581 493 759 572 repetunt',
788 483 879 570 quod
896 484 966 549 ani·

83 593 135 638 ma
158 591 307 662 separata
325 595 390 640 nnn
413 572 514 662 possit
530 593 677 642 exercere
692 570 847 662 quasdam
864 568 969 638 sacul-

82 676 164 740 tates
179 662 238 728 tibi
251 662 457 742 essentiales,
476 681 512 728 nt
528 659 710 730 facultatem
726 659 854 726 videndi
868 707 880 740 ,
905 683 968 726 au·

82 750 192 818 dieudi
206 771 273 820 eet.
289 753 352 818 Alii
378 767 484 818 autem
500 751 573 818 inde
596 751 781 840 exigentiam
797 750 881 816 illam
896 755 968 817 du*

83 858 192 919 eunt,
220 841 311 930 quod
330 841 432 906 anima
446 839 519 906 t'alit
534 839 574 906 sit
587 859 716 906 naturae
732 885 742 916 ,
766 858 802 903 nt
818 842 969 928 cogitatu*

81 925 118 993 di
135 927 184 994 vis
203 929 434 996 sensationibus
455 927 616 1016 corporeis
642 928 812 1018 plurimum
829 931 967 996 adiuve-

83 1033 154 1082 tut.
170 1017 234 1084 Sed
248 1019 324 1084 haec
338 1019 442 1084 omnia
457 1016 602 1084 videntur
612 1016 708 1108 gnatis
724 1015 893 1098 adfirmari,
907 1037 966 1084 nec

86 1105 164 1172 tatis
193 1106 305 1172 rationi
323 1129 474 1172 consona.
502 1105 607 1176 Vnde
621 1108 674 1172 vix
695 1103 873 1196 quidquam
888 1109 969 1173 cettl

87 1192 132 1260 tle
152 1191 211 1259 hac
235 1217 267 1262 te
281 1217 344 1260 non
360 1195 437 1262 satis
458 1193 587 1284 cognita
601 1212 634 1260 et
656 1194 794 1262 tetminis
810 1197 967 1283 aequius·

84 1283 133 1348 cis
156 1282 314 1370 implicata
337 1284 433 1352 statui
451 1305 548 1372 posse
570 1284 706 1350 videtur.
730 1283 864 1349 Certum
887 1286 967 1373 qui-

85 1371 160 1438 dem
181 1390 253 1452 est,
274 1377 408 1440 animam
426 1394 493 1444 esse
505 1371 648 1439 norman
665 1374 809 1460 corporis
828 1395 869 1440 eo
887 1395 967 1440 sen·
1018 1395 1021 1410 ¹

84 1479 125 1526 su
138 1506 152 1540 ,
179 1461 268 1550 quod
285 1483 402 1549 corpus
425 1463 590 1550 perficiat,
615 1461 703 1550 qnod
726 1463 827 1548 ipsum
851 1461 968 1530 reddat

83 1569 207 1638 uutpus
223 1548 380 1631 hominis,
401 1550 553 1638 quodque
576 1571 648 1615 cum
674 1551 745 1639 ipso
760 1569 895 1636 corpore
912 1569 969 1614 to-

82 1655 155 1704 tum
177 1637 343 1726 quoddam
369 1639 577 1708 substantiale
598 1641 792 1726 unicumque
815 1640 970 1726 supposi-

84 1744 157 1802 tum
172 1747 324 1820 ,nempe
346 1726 505 1794 hominem
530 1727 713 1794 constituat.
739 1728 786 1792 At
811 1727 888 1816 quid
913 1728 967 1807 sit,

86 1830 177 1882 etan
192 1818 321 1884 exsistat
343 1818 395 1884 iila
415 1817 574 1908 exigentia„
587 1816 753 1886 essentialis
774 1818 895 1884 animae
907 1863 918 1896 ,
932 1835 970 1884 ut

87 1907 216 1993 corpori
232 1909 469 1996 coniungatur,
498 1927 562 1972 non
584 1908 657 1971 satis
672 1905 883 1994 intelligimus.
907 1905 968 1972 Hit

86 1991 289 2082 praemissis,
308 1994 569 2060 intricatissimam
592 1995 634 2061 de
657 1994 746 2060 huius
761 1993 969 2060 coniunctio·

84 2081 134 2186 nis
149 2081 272 2237 '‘glbm
285 2083 506 2174 quaestionem
518 2083 664 2176 sequenti
678 2083 885 2152 conclusione
898 2104 968 2152 exa·

85 2189 174 2238 muna
197 2190 293 2241 sutus.

388 2343 673 2439 concuvsto.

84 2523 148 2591 An
168 2545 429 2595 nmntunnnvtt
456 2543 703 2595 coumnantvst
727 2542 862 2591 sanutus
889 2543 967 2592 evit

132 2633 300 2682 sonions
318 2636 436 2681 uvun
453 2635 617 2682 vsnurvn
635 2633 709 2679 nssu
726 2635 869 2693 annuo,
893 2633 968 2679 nvn

132 2701 291 2772 musteus
313 2725 487 2772 uomitum
512 2724 714 2772 saturnum
739 2723 782 2768 nu
808 2721 968 2791 uunnvxv

132 2811 305 2872 innuen,
330 2811 562 2860 utnonnnsust
587 2811 782 2859 nnvsanvst
806 2813 970 2858 occino·

131 2900 282 2950 attatum
315 2879 385 2946 unt
413 2899 632 2949 Hammonius
662 2899 968 2946 sunssnnmmnn

130 2987 439 3048 muutmTAMVR3
477 2990 570 3036 :Mino
608 2987 723 3049 Palm
758 2985 970 3034 nmmum

93 3103 98 3112 ·
129 3077 460 3135 nusstuvuuuuluvs
496 3075 720 3128 uastissimis
750 3075 813 3123 usu
852 3071 971 3120 onnu-
