2264 3420
272 128 370 179 rans·
383 129 416 176 ιι
442 117 601 176 usnam·
627 127 702 176 oar.
730 128 774 178 rr.
906 135 960 200 d!

7 229 14 270 :
72 221 153 266 cere
169 195 225 266 aut
242 198 330 266 abiis
346 191 505 266 abstinere
521 200 632 288 possit.
648 199 846 291 Haecigitur
863 223 964 270 tema-

7 355 8 360 ,
75 307 136 354 net
158 309 281 376 semper
299 335 308 368 ,
332 291 377 356 ut'
390 291 451 354 iam
473 288 676 353 observatum
693 307 763 367 est,
777 291 963 391 ¹gravissimu

78 375 375 454 difficultas,motus
391 377 535 465 corporis
551 399 616 442 esse
632 397 836 458 necessarios,
853 399 888 444 ut
902 403 963 468 po·

8 499 13 510 ·
83 483 117 532 te
132 467 204 552 quia
221 466 364 532 aliiesse
382 488 445 529 non
463 484 614 552 possunt,
632 487 725 552 quam
739 469 792 552 qui
814 471 963 538 existunt.

83 554 201 642 Neque
217 573 264 620 est
275 555 390 660 &quod
405 555 515 620 dicant
532 553 728 620 leibnitianae
744 555 963 644 hypotheseos

7 685 10 716 e
82 642 277 722 adsertores,
287 662 480 710 intermotus
490 663 662 732 corporeos
673 643 836 710 dumtaxat
849 664 881 712 et
895 669 965 736 per·

7 761 26 812 ρ·
82 733 249 818 ceptiones
262 733 402 808 animae,
416 735 481 796 'non
491 751 567 796 vero
578 731 657 797 inter
672 733 883 818 appetitiones
896 737 963 804 eius

7 865 11 902 ι
82 815 964 907 hancharmonismluissepraestabllitam.Etenimhar·

7 957 8 994 3
82 911 214 974 moniae
228 905 677 997 praestabilitatehypothesim
691 909 763 974 ideo
773 911 967 998 excogitavit

7 1021 11 1084 ξ
83 997 270 1064 Leibnitius
281 1045 291 1075 ,
308 997 394 1086 quod
412 995 530 1062 nullam
544 997 623 1060 inter
639 997 770 1060 animam
793 1015 825 1062 et
845 1020 963 1086 corpur

8 1135 11 1170 3
86 1085 331 1171 dependentium
346 1087 418 1174 fingi
441 1105 535 1172 posse
551 1082 722 1150 crediderit
739 1108 748 1161 3
774 1105 811 1148 ac
830 1089 965 1173 proinde

7 1227 9 1262 z
88 1195 157 1241 non
171 1180 269 1238 minus
281 1175 487 1240 interanirnae
500 1173 665 1238 volitiones
679 1194 774 1260 quam
789 1181 966 1262 perceptio·

88 1283 146 1328 nes
166 1261 358 1327 harmoniam
380 1260 627 1349 praestabilitanr
647 1260 814 1329 admittere
838 1264 963 1335 debuit.

87 1351 211 1440 Neque
223 1353 351 1418 tandem
363 1351 448 1416 valet
464 1350 652 1436 responsio,
665 1370 808 1415 motuum
824 1357 966 1424 omnium

88 1439 201 1506 seriem
213 1434 528 1507 secundum'liberam
540 1438 967 1507 voluntatisdeterminatio-

7 1581 11 1604 ,
87 1551 163 1594 nem
179 1551 195 1592 a
209 1529 278 1595 Deo
295 1527 388 1594 fuisse
402 1529 575 1616 praevisam
589 1544 685 1612 atque
697 1527 969 1598 ordinatam.Ete·

87 1619 263 1705 nimquam
277 1618 364 1683 nulla
379 1621 460 1682 inter
473 1617 608 1680 animam
627 1635 658 1684 et
669 1637 789 1703 corpus
808 1619 968 1694 actionem

7 1697 9 1780 ζ
91 1707 262 1778 admittant
277 1705 467 1782 leibnitium,
489 1703 574 1768 nulla
592 1705 713 1771 ratione
729 1707 913 1792 praevidere
927 1730 969 1774 ‘ac

7 1791 9 1868 ᾗ
92 1795 239 1860 ordinare
266 1793 372 1882 potuit
404 1795 493 1858 Deus
521 1810 665 1856 motuum
694 1794 831 1858 omnium
858 1797 970 1866 seriem

7 1879 10 1976 ᾗ
94 1885 277 1950 eum‘libera
292 1883 456 1947 voluntate
472 1882 733 1946 consentientem.
749 1883 777 1946 Si
794 1885 873 1957 enim
888 1887 969 1953 inter

7 2051 8 2058 ἵ
93 1973 217 2039 animan
235 1989 266 2038 et
284 1993 403 2057 corpus
429 1969 514 2032 nulla
537 1969 746 2054 dependentia
772 1972 971 2044 intercedere

94 2061 209 2149 possit,
225 2061 304 2125 hanc
319 2061 405 2125 Deus
421 2057 607 2146 praevidere
624 2074 656 2124 et
669 2059 812 2124 ordinare
828 2079 891 2124 non
908 2085 974 2148 po..

93 2151 167 2216 tuit.
179 2149 210 2212 Si
224 2169 328 2216 autem
343 2147 548 2234 dependentia
562 2147 689 2209 illanon
706 2167 882 2234 repugnet,
910 2153 973 2220 iana
1062 2159 1065 2167 ’

94 2237 214 2303 inutilis
243 2255 289 2304 est
314 2237 495 2301 harmoniae
514 2233 746 2320 praestabilitas
773 2235 975 2323 hypothesis,

95 2327 257 2394 telesiam
274 2329 486 2392 adcausarum
496 2323 742 2387 occasionalium
754 2343 890 2411 systema
905 2324 978 2393 faci·

96 2415 129 2482 le
146 2435 253 2501 posset
266 2417 429 2491 revocarie
447 2411 533 2499 quod
547 2429 651 2475 tamen
667 2409 825 2476 declinare
843 2416 975 2482 student

95 2503 284 2571 leibnitiani.
302 2504 395 2582 Quae
410 2523 506 2585 quum
520 2502 562 2564 ita
577 2499 658 2574 sint,
674 2497 767 2565 facile
783 2519 871 2586 patet
886 2512 901 2578 ,’
920 2497 976 2572 re.'

96 2595 256 2661 centiores
271 2591 507 2680 metaphysicos
522 2589 556 2652 in'
569 2588 757 2672 explicanda
773 2591 918 2676 corporis
937 2617 977 2660 a.

45 2720 46 2727 ι
98 2682 265 2769 nimaeque
277 2697 428 2746 societate
441 2679 540 2742 nihilo
554 2675 709 2742 feliciores
719 2674 815 2742 fuisse
825 2683 976 2766 antiquisj

93 2769 155 2838 sed
171 2770 364 2836 audaciores.
380 2770 527 2850 Superest
542 2787 629 2852 ergo,
640 2783 675 2830 ut
688 2769 791 2830 arcani
804 2766 895 2830 huius
910 2767 978 2836 fue·

95 2859 179 2926 deris
196 2861 279 2946 leges
292 2858 412 2924 infinita
426 2856 485 2922 Dei
501 2853 641 2943 potentia
654 2874 686 2917 et
700 2857 852 2939 sapientia
864 2859 975 2920 consti·

53 3011 57 3017 .
93 2965 181 3014 tutas
197 2947 236 3012 ab
253 2945 404 3015 intelectu
418 2961 528 3031 nostro
541 2941 768 3029 comprehendi
783 2965 848 3018 nou
867 2959 978 3031 posses

96 3035 265 3108 fateamur.
562 3085 569 3092 .
682 3080 686 3088 ,
891 3073 895 3084 ·
923 3070 935 3082 .‚

575 3116 608 3180 D
626 3138 643 3182 a
