2246 3412
149 95 212 172 ida
320 185 324 192 ,
365 117 372 127 ’
418 113 604 174 minvs.
632 121 766 172 idatios.

144 213 286 268 nostram
310 194 503 284 dirigamus3
527 195 679 262 revelatio
709 193 785 259 niliii
816 206 929 278 potest
951 212 1053 279 prae-

146 285 280 371 cipere,
301 287 390 372 quod
410 298 533 349 morunt
558 285 717 348 sanctitati
746 302 843 368 atque
873 277 1053 366 perfectio·

144 372 177 434 ni
201 373 392 439 adversetur.
419 373 520 436 linitio
542 395 642 460 quum
665 395 706 436 ex
730 371 803 458 legis
828 371 992 434 naturalis
1017 371 1047 434 in

143 457 306 526 homiuum
345 463 499 528 mentibus
523 463 730 548 corruptione
756 461 985 526 demonstrata
1007 460 1044 520 sit

144 551 342 616 revelationis
369 552 562 626 necessitas;
596 549 671 618 lenis
693 549 841 613 naturalis
870 547 983 612 lumen
1007 548 1037 608 in

125 635 235 701 ¹uubis
260 639 433 705 accendere
457 636 567 705 debuit
592 629 743 704 revelatio
759 681 770 715 ‚
785 653 971 721 corruptos
984 633 1045 698 ho·

83 745 93 770 ·
146 727 244 790 mines
277 727 318 790 ad
361 746 479 792 castani
516 729 644 790 motuni
665 726 843 790 doctrinam
877 745 1047 802 revocare,

147 814 414 902 generiihumano
442 835 528 880 suani
555 817 707 904 originem
726 815 954 881 demonstrare
972 857 982 891 ,
998 813 1052 876 nl-

146 905 322 992 rituumque
335 903 426 968 finem
438 949 447 979 ‚
461 925 643 989 supremum
659 923 774 988 nempe
794 901 1051 966 bonumosten·

132 987 236 1056 dete.
263 1011 313 1056 iv.
343 993 516 1058 Revelatio
548 991 652 1072 divina
679 991 738 1057 sibi
755 993 814 1076 ipsi
832 991 1051 1055 contradict·
1108 997 1109 1004 ’

148 1099 183 1143 te
197 1099 263 1142 non
280 1089 415 1168 potest,
440 1075 501 1145 hoc
523 1097 570 1146 est
585 1124 595 1159 ‚
613 1078 710 1143 modo
737 1080 856 1166 aliquid
882 1097 1052 1166 tamqnam
1108 1075 1109 1112 ³

147 1184 258 1232 reruni
283 1169 399 1234 docere
416 1189 480 1232 non
497 1185 624 1255 potest,
638 1169 734 1234 modo
752 1189 917 1250 tamquam
936 1165 1051 1231 falsum
1108 1191 1109 1246 ς

149 1256 286 1322 relicere.
325 1256 366 1322 Id
394 1259 476 1323 enini
508 1259 631 1322 divinae
672 1256 839 1322 veracitati
870 1273 1046 1345 repugnat.
1108 1261 1109 1310 ἶ

146 1341 301 1420 Quamvis
315 1367 420 1411 autent
433 1347 583 1412 revelatio
599 1345 706 1411 divina
723 1345 779 1410 sibi
794 1344 854 1431 ipsi
874 1343 1048 1408 contradi·
1108 1343 1109 1426 l

148 1443 221 1498 oete
244 1453 308 1498 non
324 1436 422 1522 possit
437 1479 447 1512 ‚
461 1434 597 1499 obscura
622 1451 727 1501 tamen
745 1433 950 1500 revelationis
965 1433 1049 1521 dog·
1108 1491 1109 1532 p

148 1539 233 1586 mata
244 1523 389 1588 nondum
405 1523 531 1590 delinita
548 1521 695 1590 ecclesiae
707 1521 900 1588 auctoritate
913 1521 1047 1585 illustra·
1108 1543 1109 1608 i

150 1608 176 1672 rl
200 1625 336 1697 possunt
359 1628 393 1678 et
413 1609 563 1691 deliniri,
589 1632 760 1699 numquam
781 1633 859 1676 vern
873 1609 1043 1675 immutari.
1108 1617 1109 1690 ζ

149 1693 225 1762 Nec
233 1716 338 1767 tamen
350 1720 521 1788 perpetuae
535 1700 732 1766 revelationis
741 1701 1046 1766 veracitaticontra-

149 1784 230 1848 tium
254 1803 326 1868 est,
353 1788 443 1876 quod
471 1787 559 1854 Deus
575 1809 634 1874 pio
656 1805 834 1876 temporum
849 1805 883 1853 et
905 1789 1048 1853 circum·
1108 1849 1109 1858 ,

86 1901 88 1906 ·
149 1877 337 1941 stantiarum
349 1878 502 1942 varietate
519 1878 604 1965 leges
625 1877 799 1965 abrogare,
816 1875 959 1964 aliasque
974 1875 1048 1940 sub-

148 1962 279 2029 nituere
294 1965 409 2051 possit.
424 1965 514 2030 Talis
528 1965 609 2030 enim
626 1968 756 2032 variatio
777 1964 818 2032 ad
832 1969 1048 2030 oeconomiam
1108 1997 1109 2036 3

149 2049 320 2133 dumtaxat
347 2075 406 2140 pto
422 2055 511 2118 vatio
532 2053 694 2118 hominum
718 2073 801 2118 statu
825 2053 976 2139 pertinet.
995 2051 1051 2118 Ita

149 2136 204 2204 lex
218 2155 309 2206 vetus
324 2139 383 2206 fuit
396 2142 503 2208 bonae
520 2141 577 2208 lox
591 2143 723 2231 quidem
739 2159 856 2208 taneta
871 2188 884 2220 ,
899 2157 1048 2230 eiman-

150 2213 429 2296 datumsatiotvm
453 2245 485 2296 ei
511 2235 631 2296 iustum
654 2247 687 2297 et
711 2234 824 2296 bonum
837 2252 852 2309 ;
867 2230 972 2318 inquit
995 2229 1047 2292 A·

150 2317 299 2402 postolus
320 2317 372 2386 ad
393 2320 529 2385 Roman.
549 2343 578 2408 7.
597 2319 663 2408 Lex
679 2337 785 2384 autem
801 2341 885 2383 nova
897 2341 961 2382 non
974 2313 1046 2382 dif-

148 2401 239 2469 ferta
251 2408 351 2472 veteri
360 2455 371 2486 ,
384 2425 538 2497 quantum
553 2407 592 2474 ad
605 2411 698 2474 finem
722 2409 865 2472 ultimum
879 2453 891 2485 ,
904 2408 960 2474 sed
973 2424 1049 2472 tan·

52 2529 68 2570 4
149 2506 385 2581 tumquantum
404 2497 444 2560 ad
473 2496 614 2562 moduni.
639 2497 690 2562 v?
716 2495 1048 2562 Recensitosretela·

147 2580 245 2644 'tionis
257 2581 452 2650 characteres
466 2589 635 2672 negativos
651 2585 812 2674 appellare
826 2586 920 2649 licet..
938 2586 984 2648 At
987 2607 1049 2671 po·

150 2669 281 2731 tt'ti'oiim
308 2687 340 2735 et
376 2673 655 2738 luculentissimum
689 2674 810 2739 divinae
839 2672 1046 2738 revelationis

60 2806 62 2810 .
148 2753 365 2823 testimonium
393 2759 545 2846 praebent
562 2763 710 2827 miracula
728 2779 759 2828 et
776 2759 986 2850 prophetiam
1003 2759 1049 2828 de

149 2837 267 2923 quibus
287 2863 386 2929 quum
398 2863 490 2912 antea
507 2849 565 2912 iam
581 2851 675 2936 plura
690 2849 776 2914 dicta
794 2849 921 2927 fuerint,
937 2869 1051 2932 super·

151 2941 194 2984 '⁰⁸
209 2971 220 3000 i
235 2943 272 2989 iit
293 2933 378 2995 varia
393 2977 402 3009 ‚
420 2953 502 3019 quae
521 2937 550 2999 in
565 2933 614 3000 his
627 2936 879 3004 institutionibus
901 2935 1049 3025 dispersa

214 3029 297 3080 tatur
315 3016 356 3082 ad
371 3020 648 3093 demonstrandam
669 3025 850 3114 religionem
864 3045 1044 3114 argumeta-
